1860 2970
101 191 305 248 enciens
341 160 496 247 icem
663 198 712 246 201

35 296 102 350 »hibe
113 312 259 366 parumper
270 313 332 359 ora,
343 270 507 367 questus&
518 302 653 366 opprime:

42 366 174 418 nefandos
186 367 240 418 dux
252 366 443 433 Cephallenum
453 366 587 420 admovet.

35 435 145 488 dehisce
157 435 250 498 tellus,
262 442 344 503 tuque
357 437 456 487 coniux
466 436 561 488 ultimo

35 505 149 558 evulsam
159 505 251 558 scinde
262 506 400 568 tellurem,
412 510 440 555 et
451 502 545 577 Stygis

35 572 126 626 »fundo
138 574 224 625 conde
235 573 389 640 depositum
399 572 502 624 meum!
665 577 713 626 525

35 643 133 710 lysses,
144 649 172 694 et
184 642 290 710 quidem
301 643 382 694 dubio
395 642 482 709 gradu

37 727 65 764 c:
77 714 162 765 nectit
173 719 284 777 pectore
296 719 372 765 astus
382 711 503 762 callidos.

38 797 70 834 ae
80 781 202 832 minister
212 783 309 844 sortis,
320 779 372 832 hoc
384 781 498 847 primum
511 788 584 848 peto,
605 802 613 809 ·

36 851 143 917 inamiis
153 850 237 901 verba
247 850 372 900 dicentur
382 865 454 912 nien,

35 935 48 971 e
61 919 157 971 credas
167 925 275 970 nostra:
289 918 433 970 Graiorum
444 921 562 970 omnium
666 918 716 970 530

36 1003 119 1055 mque
130 1003 183 1038 vox
195 995 249 1047 cst,
261 994 356 1066 petere
366 1004 434 1054 quos
445 1003 520 1040 seras
532 988 626 1039 domos

36 1071 60 1107 ta
69 1055 178 1106 soboles
189 1053 324 1120 pr0h1bet.
360 1058 441 1108 Hanc
451 1056 509 1110 fata
521 1062 665 1123 expetunt:

36 1144 42 1175 ι
54 1123 166 1175 Danaos
177 1124 252 1191 pacis
264 1124 385 1174 incertae
397 1126 465 1175 tides

44 1192 161 1256 tenebit,
173 1208 281 1258 semper
292 1207 309 1242 a
318 1199 396 1260 tergo
408 1194 489 1245 timor

35 1277 64 1313 rc
77 1269 170 1329 coget,
181 1278 258 1312 arma
266 1277 317 1314 nec
328 1263 393 1328 poni
404 1264 482 1326 sinet,
659 1262 718 1317 '535

35 1332 157 1400 nygibus
167 1333 271 1383 animos
283 1339 380 1399 gnatus
392 1333 492 1384 eversis
506 1333 590 1394 dabit,

38 1399 115 1452 acha.
146 1414 248 1453 smne.
259 1402 359 1454 Vester
369 1417 455 1468 augur
465 1400 534 1452 haec
548 1401 660 1454 Calchas

426 1470 516 1521 canitl
632 1526 641 1541 ι

35 1542 42 1591 i
53 1545 158 1597 taceret
169 1555 255 1607 augur
265 1538 333 1592 haec
346 1538 472 1602 Calchas,
484 1547 575 1593 tamen

36 1649 37 1655 ,
49 1611 166 1673 Hector,
178 1612 254 1661 cuius
266 1616 294 1661 et
305 1610 417 1674 stirpem
427 1606 540 1671 honrem

36 1694 62 1730 sa
72 1680 99 1729 in
112 1664 187 1730 ortu's
199 1679 305 1729 semina
316 1682 451 1743 exurgunt
462 1691 538 1759 suo&
672 1680 721 1730 540

36 1749 120 1816 magni
131 1764 231 1815 pai-vus
244 1746 358 1797 ainicnti
370 1761 470 1808 comes,

36 1833 70 1868 ue
100 1818 199 1868 endum
213 1815 339 1871 cornibus
351 1815 454 1865 findens
467 1822 565 1877 cutem,

42 1834 131 1938 suello
146 1888 234 1938 celsus
247 1892 274 1937 et
285 1884 374 1936 fronte
386 1885 485 1935 arduus
643 1881 646 1887 '

36 1982 39 2005 ι
50 1962 194 2022 paternum
205 1957 293 2018 ducit,
306 1970 339 2004 ac
350 1955 444 2021 pecori
453 1955 577 2021 imperat.

38 2041 107 2076 nera
119 2040 199 2077 caeso
211 2026 288 2093 virga
298 2024 331 2075 de
341 2029 438 2075 trunco
450 2025 535 2086 stetit,
671 2027 719 2077 545·

36 2095 133 2145 emetri
145 2101 267 2161 tempore
280 2095 377 2161 exigue
389 2095 469 2156 subit,

36 2179 87 2231 quc
99 2165 179 2215 terris
189 2163 279 2215 reddit
290 2170 317 2215 et
329 2164 405 2215 coelo
417 2179 520 2215 nemus,

36 2249 47 2285 e
59 2232 169 2283 relictus
180 2234 241 2299 igne
254 2234 287 2284 de
298 2248 396 2299 magno
408 2234 473 2283 cinis

36 2303 133 2354 esundt.
169 2302 337 2368 Estquidcm
348 2303 462 2352 iniustus
474 2300 551 2353 doli
590 2331 594 2338 ·
631 2339 637 2353 .

37 2372 205 2433 aestimatoi·;
216 2373 238 2421 si
249 2377 341 2421 tamen
350 2377 440 2422 tecum
453 2373 579 2447 'exignsfss¹
670 2373 719 2420 550

45 2439 136 2502 debis,
147 2440 220 2507 quod
230 2439 301 2491 belln
311 2446 375 2506 post
385 2437 487 2490 hiemes
500 2440 593 2491 decem
633 2448 637 2455 '

37 2525 103 2577 nqnc
114 2524 216 2560 messes
226 2509 280 2559 inm
291 2523 374 2559 senex
385 2509 461 2559 miles
473 2510 559 2568 timet,

37 2594 46 2629 3
59 2578 150 2630 clades
161 2594 268 2640 rursus,
282 2591 314 2629 ac
325 2594 378 2628 nun
399 2593 461 2629 unm
472 2577 542 2629 benc

45 2649 187 2700 iacentem.
222 2647 325 2714 Magna
334 2662 380 2698 res
418 2661 501 2700 aneos
512 2652 611 2710 movet,

37 2716 270 2772 tHect01·:libern
281 2715 379 2770 Graios
389 2722 471 2770 metu.
673 2719 731 2764 ‘sss

442 2894 447 2919 l
