1860 2970
51 175 278 232 nascentes
294 177 468 232 sanans.
503 181 591 233 scr.
610 182 644 234 ιι.
697 185 753 260 ,ιι

50 280 163 333 Fortem
172 295 313 344 vocemus,
325 281 400 333 cuius
411 294 445 333 ex
455 279 573 335 humeris
582 284 639 346 ico,
704 285 754 336 465

47 364 66 402 ιι
74 350 180 416 puellae
191 349 297 413 factus,
309 355 338 401 et
349 350 424 401 clava
436 350 550 415 excidit,

47 433 96 486 pue
105 420 209 485 pictum
218 425 293 470 veste
306 417 417 469 Sidonia
426 417 514 487 latusi

47 497 223 549 praecentus,
235 488 310 538 cuius
320 484 463 538 horrentes
474 501 572 542 comae

47 569 90 607 ere
103 554 205 607 nardoi
224 555 319 607 Laude
331 556 376 622 qui
387 558 466 606 notas
474 569 569 608 menas

47 624 177 676 aririiem
185 625 309 690 tympani
319 624 404 674 morit
414 637 511 674 sonum
706 628 756 679 tto

51 689 173 744 ferocem
182 692 300 743 barbara
309 691 427 745 frontem
437 689 579 758 premensi

47 772 59 811 ι.
77 759 140 812 Νοιι
149 761 284 813 erubescit
293 758 420 811 Bacchus
430 759 532 812 effusos
543 767 620 813 tener

47 831 97 880 isse
108 829 209 892 crines,
221 844 271 881 nec
281 844 364 880 manu
372 829 445 880 molli
456 829 543 880 levem

47 911 75 948 re
84 895 222 963 thyrsum,
234 912 296 947 cum
305 912 401 964 parurn
411 896 478 948 ferti
487 896 575 963 gradu

48 964 170 1017 iecorum
180 962 531 1031 syrniabarbaricotrahitz
705 965 756 1019 415

47 1033 122 1085 nulta
130 1035 214 1085 virtus
226 1049 310 1100 opera
318 1033 405 1084 laxari
416 1034 494 1084 solet.

48 1100 219 1154 Teuthrantis
230 1101 283 1153 hoc
294 1101 397 1152 fatetur
406 1101 493 1152 eversi
503 1099 612 1165 donnus,

48 1185 147 1237 nmque
157 1172 211 1222 ritu
221 1171 354 1236 virginum
365 1184 399 1236 op
420 1171 487 1221 ressi
498 1184 604 1238 greges.

48 1238 105 1289 nulla
114 1239 195 1302 iuno,
205 1239 292 1289 nullus
303 1185 474 1305 demetiens
485 1239 574 1290 iubet:

56 1304 125 1360 haec
134 1313 197 1359 sunt
207 1321 299 1375 opera
321 1321 422 1358 Αιιιιι.
432 1306 494 1358 Νοιι
503 1307 577 1360 nosti
589 1308 691 1360 omnia:
703 1307 755 1360 480

56 1390 124 1442 opus
135 1381 178 1428 est
186 1375 322 1429 caestibus
333 1374 439 1427 irectrrs
447 1376 503 1426 suis

59 1449 88 1495 et
98 1445 183 1510 Eryci
193 1445 301 1495 iunctus
308 1445 426 1497 Antaeus
436 1442 536 1509 Libys,

48 1515 51 1563 i
62 1510 190 1579 iiospitali
201 1512 284 1564 caede
295 1520 434 1565 manantes
444 1511 502 1564 foci

48 1581 167 1633 riustrr'm
177 1582 334 1648 sanguinem
343 1580 484 1632 Busiridis.

57 1664 127 1717 opus
137 1656 192 1713 est,
202 1650 306 1701 vulneri
317 1654 345 1700 et
355 1648 429 1701 ferro
443 1648 549 1710 obvius,
703 1648 754 1699 485

50 1734 77 1770 ιιι
88 1724 200 1771 coactus
209 1720 316 1785 integer
327 1719 434 1783 Cycnus
444 1716 516 1781 pati3

48 1803 97 1840 nus
107 1791 162 1839 unt
173 1787 284 1853 Geryon
295 1787 382 1836 victus
392 1799 482 1835 manu.

48 1861 100 1908 nter
109 1857 192 1919 istos,
205 1858 250 1923 qui
260 1861 352 1906 tamen
362 1852 435 1904 nulio
445 1856 542 1918 stupro

49 1940 80 1976 re
90 1923 231 1987 thalamos.
246 1938 288 1976 nr
297 1937 320 1973 c.
329 1922 479 1986 Quodlori,
490 1919 607 1990 hoeregi
617 1921 693 1976 licet:

48 1993 125 2045 edisti
135 1990 459 2060 coniugemtregidabis,
702 1989 754 2043 490

48 2063 174 2129 magistro
184 2077 238 2112 non
249 2076 347 2112 nevum
357 2059 410 2111 hoc
421 2059 508 2111 discet
517 2073 610 2122 nurus,

57 2133 116 2182 viro
128 2129 260 2196 probante
270 2129 408 2182 meliorem
417 2129 502 2196 sequi.

51 2198 137 2266 pulari
148 2201 273 2265 pertinax
282 2198 369 2250 taedis
379 2203 474 2264 negat:

49 2282 55 2319 ι
67 2273 164 2319 coacta
175 2268 293 2320 nobilem
303 2271 411 2333 partum
420 2266 516 2318 ieram,

53 2336 172 2388 Umbrae
184 2337 307 2388 creontis
318 2340 346 2387 et
355 2339 468 2402 penates
478 2331 614 2396 Labdaci,
703 2331 753 2381 495

49 2404 143 2472 ptiales
150 2406 225 2470 impii
237 2405 392 2471 Oedipodae
402 2403 491 2465 faces,

49 2473 130 2525 solita
138 2478 229 2525 vestre
241 2471 299 2523 fata
311 2474 435 2540 coniugio
446 2468 521 2522 date!

49 2582 50 2591 ,
63 2557 148 2603 nunc,
161 2546 287 2592 cruentae
297 2541 369 2608 regis
380 2541 495 2607 Aegypti
506 2552 608 2599 ιιιιιιιε,Ι

49 2625 58 2662 c
64 2647 72 2672 ,
84 2609 169 2660 multe
177 2611 309 2677 sanguine
318 2607 437 2660 iniectae
448 2605 556 2658 manus!

55 2692 233 2737 ananumero
244 2677 359 2730 Danais:
370 2675 484 2744 explebo
495 2673 602 2798 netega
706 2668 757 2720 tid
