1860 2970
160 117 388 176 HERCULES
406 121 608 178 ottradus
636 128 723 183 ACT.
741 129 776 184 11.
813 130 861 187 305

65 226 116 280 Cui
129 224 279 279 cedatillei
297 225 421 276 Carmina
431 225 556 276 interras
566 238 647 296 magn

63 295 221 348 Descendat
231 294 311 345 astris
320 294 385 345 luna
395 293 510 345 desertis
520 293 593 357 licet,

64 365 102 415 Et
112 364 208 415 bruma
218 376 320 414 messes
329 363 474 425 videat,et
486 368 567 414 cantu
576 363 659 432 fugax
810 371 862 421 4¹10

65 433 126 484 Stet
137 429 333 499 deprehensum
343 430 457 493 fulmen,
469 436 497 483 et
507 446 587 483 versa
594 435 653 484 rice

63 501 171 552 Medius
182 501 283 551 coactis
293 498 399 551 ferveat
410 500 495 552 stellis
506 499 577 552 diest

63 569 127 620 Non
136 568 229 621 flectet
239 582 329 619 unum.
347 572 448 620 ruha.
460 568 535 620 Vicit
543 575 571 620 et
582 566 702 639 Superos
712 584 798 625 amor.

64 653 84 690 o
92 653 109 688 a
117 651 182 688 ran.
192 637 324 690 Vincetur
334 637 380 687 uni
390 635 484 688 forsan
495 643 524 687 et
533 637 648 703 spolium
659 640 742 704 dabit,

62 709 199 773 timorque
209 720 327 757 summus
338 704 388 755 liet
397 703 506 757 Alcidae
516 705 603 757 labor.
812 711 862 763 415

67 774 123 828 Sed
133 781 161 826 te
170 788 219 842 per
228 786 307 824 omne
319 773 447 824 coelitum
456 789 555 825 numen
566 788 672 839 precor,

64 845 121 898 Pcr
131 843 201 894 hune
207 843 345 894 timorem:
356 840 484 908 quidquid
494 844 587 892 arcani
596 842 710 910 adparo,

64 914 177 967 Penitus
186 909 334 972 recondas,
346 915 375 961 et
386 910 440 961 fide
450 911 536 961 tacita
545 911 665 977 premas!

64 995 165 1035 surm
177 977 248 1042 Quid
256 978 330 1030 istud
340 983 396 1042 est,
408 978 482 1048 quod
492 994 553 1032 esse
560 985 697 1032 secretum
707 981 792 1049 petis!

63 1063 179 1102 naras.
188 1047 249 1101 Non
263 1047 320 1102 tela
333 1054 411 1113 sunt,
427 1062 482 1100 non
495 1061 584 1111 arma,
597 1063 655 1103 ,non
669 1050 739 1119 ignis
755 1053 801 1102 mi·

585 1132 647 1169 nax.
810 1121 861 1172 tao

64 1199 132 1239 uua
139 1199 165 1236 a.
176 1184 319 1239 Praestare
330 1184 420 1239 fateor
428 1198 510 1254 posse
519 1199 564 1238 me
574 1188 686 1238 tacitam
698 1187 788 1252 fldem,

64 1246 207 1307 Siscelere
218 1260 324 1307 eareat:
334 1257 442 1308 interim
453 1257 542 1308 scelus
553 1261 596 1308 est
605 1255 681 1308 tides.
733 1292 738 1301 -

62 1323 376 1392 υκιηᾯίτοιιπιερίοε,
388 1325 513 1392 agedum,
523 1339 557 1376 ne
563 1324 622 1391 quis
628 1335 858 1394 areaaaaucupet3

61 1393 225 1459 Partemque
236 1395 263 1444 in
275 1408 382 1444 omnem
392 1394 482 1445 vultus
492 1394 630 1459 inquirens
641 1398 694 1445 eat.

62 1473 163 1512 nura.
172 1461 228 1524 En,
237 1461 313 1513 locus
325 1462 358 1510 ab
371 1462 443 1510 omni
452 1465 528 1510 tutus
536 1459 651 1511 arbitrio
661 1462 753 1513 uaeatl
811 1464 861 1514 ost

62 1542 179 1581 aaran.
191 1531 241 1581 Est
250 1531 278 1579 in
289 1533 395 1580 remoto
406 1530 499 1594 regiae
508 1526 580 1578 sedis
589 1527 652 1580 loco

61 1601 168 1652 Arcana
177 1600 274 1649 tacitus
285 1601 380 1648 nostra
390 1595 537 1648 defendens
546 1608 653 1662 specus.

61 1669 123 1722 Non
133 1667 178 1720 ille
188 1669 289 1734 primos
299 1665 399 1730 accipit
410 1664 481 1716 soles
491 1664 579 1726 locus,

61 1738 123 1791 Nou
133 1736 177 1788 ille
188 1750 279 1798 seros,
290 1748 350 1784 eum
361 1733 451 1784 ferens
463 1733 545 1783 Titan
555 1733 626 1784 diem
733 1784 736 1789 ,

61 1809 177 1860 Laesum
187 1803 294 1854 rubenti
304 1802 403 1868 mergit
415 1803 526 1852 Oceano
537 1805 641 1867 rotam3
808 1804 860 1855 490

60 1876 117 1928 lllic
127 1873 228 1926 auroris
238 1872 335 1937 pignus
345 1871 474 1922 Herculei
483 1870 560 1921 latet.

61 1945 159 2005 Altrix,
170 1940 291 1991 fatebor:
302 1938 403 1991 Nessus
414 1944 457 1990 est
467 1945 565 1991 auctor
573 1938 646 2002 mali,

61 2015 147 2077 Quem
157 2008 271 2078 grauida
279 2008 400 2076 Nephele
412 2007 546 2061 Thessalo
556 2007 731 2076 genuitduci,

62 2080 220 2144 Quacelsus
231 2081 311 2130 astris
322 2081 417 2130 inserit
426 2079 529 2131 Pindus
541 2083 631 2145 caput,

62 2152 189 2216 Ultraque
198 2149 283 2200 nubes
294 2146 396 2214 Othrys
408 2148 522 2200 eductus
532 2148 610 2214 riget.
808 2147 858 2196 495

61 2219 183 2284 Namque
193 2222 238 2279 ut,
250 2216 379 2268 subactus
389 2217 515 2269 Herculis
527 2217 603 2268 clara
613 2213 724 2276 horridi,

60 2287 207 2350 Achelous,
219 2301 312 2337 omnes
323 2286 410 2336 facilis
420 2288 448 2336 in
459 2286 564 2351 speeies
575 2284 643 2346 dari,

60 2355 184 2410 Tandem
194 2357 313 2425 peractis
325 2355 447 2406 omnihus
458 2354 546 2419 patruit
555 2350 629 2412 feris,

60 2428 173 2495 Unaque
185 2431 263 2492 turpe
275 2423 394 2477 subdidit
405 2436 489 2473 cornu
501 2426 598 2487 caput:

59 2497 105 2550 hle
117 2497 259 2562 coniugem
271 2495 334 2545 dum
344 2493 432 2542 victor
442 2489 548 2541 Alcides
557 2487 650 2550 habet,
807 2488 857 2536 5⁰0

62 2566 215 2636 Repetebat
224 2565 319 2629 Argos.
355 2560 439 2610 Forte
450 2563 499 2628 per
511 2570 724 2626 camuosragus

57 2639 177 2693 Euenos,
189 2633 273 2682 altum
282 2631 425 2701 gurgitem
434 2631 465 2684 in
475 2634 598 2701 pontum
606 2625 718 2685 lenens,

104 2699 181 2749 Sar.
205 2700 315 2754 Tuae.
708 2694 737 2742 xi
