1860 2970
122 153 157 206 12
312 150 346 204 Ia.
363 149 521 204 sNNnul
538 147 728 204 SENECAE

201 253 348 308 Distendat
357 255 428 319 nlto;
439 266 554 323 cumque
564 258 695 306 revocata
704 256 764 308 viee

200 325 234 378 ln
245 339 275 376 se
286 323 411 389 coibunt,
421 336 542 392 saxaque
552 323 580 374 in
591 322 697 374 coelum
706 325 861 391 expriment

202 394 276 445 Actis
287 394 413 461 utrinque
422 392 534 461 rupibus
543 390 662 443 medium
671 406 762 456 mare,

121 460 189 515 1215
201 462 262 529 Ego
272 463 394 530 inquieta
402 463 536 514 montium
545 462 651 512 iaceam
661 476 748 515 mora.

203 531 288 595 Quin,
302 536 437 584 structum
451 544 582 584 acervans
597 543 710 582 nemore
726 539 863 601 congesto
878 546 919 603 ag·

608 612 715 666 gerem,

199 669 302 721 cruore
314 683 412 736 eorpus
421 667 505 734 impio
516 681 640 735 sparsum
651 667 760 720 cremet

199 735 246 790 Sic
251 774 259 801 ‚
270 740 337 789 sica
357 737 454 788 endum
465 741 521 788 est:
536 735 633 788 Inferis
643 735 756 788 reddam
764 737 920 792 Herculem.

198 820 264 857 sur
270 820 299 857 11.
355 805 454 857 ondum
465 805 583 857 tumultu
593 810 690 871 pectus
701 808 820 860 attonito
833 815 920 860 caret:

119 873 187 928 122⁰
196 875 315 929 Mutavit
323 875 393 938 iras,
403 872 528 942 quodque
539 871 622 924 habet
634 875 774 941 proprium
784 874 876 940 furor,

195 943 228 996 ln
238 958 268 995 se
278 945 336 1011 ipse
346 945 441 996 saevit.
460 955 564 994 usuc.
581 941 651 992 Dira
659 943 804 996 Furiarum
812 945 878 998 loca

196 1013 235 1065 Et
243 1011 396 1065 inferorum
406 1027 500 1065 carcer
509 1016 538 1064 et
548 1012 620 1063 sonti
633 1011 714 1079 plaga

194 1080 317 1135 Decreta
326 1081 438 1147 turbae,
450 1087 479 1134 et
488 1083 512 1134 si
523 1080 596 1149 quod
607 1079 714 1130 exilium
727 1080 797 1132 latet

195 1149 314 1203 Ulterius
323 1151 430 1211 Erebo,
442 1150 560 1200 cerbero
571 1150 695 1215 ignotum
706 1147 825 1200 etmihi:

115 1216 184 1271 1225
195 1218 258 1269 Huc
267 1232 312 1270 me
323 1216 394 1269 abde
403 1217 495 1269 tellus!
509 1217 618 1268 Tartari
630 1215 757 1269 adfinem
768 1218 894 1272 ultimum

193 1287 341 1339 Mansurus
350 1285 406 1337 ibo.
424 1286 526 1338 Pectus
538 1300 554 1336 o
565 1285 676 1337 nimium
687 1284 790 1337 lerum!

195 1355 263 1418 Quis
273 1370 322 1408 vos
332 1370 382 1422 per
393 1369 513 1417 omnem,
524 1354 615 1417 liberi,
627 1367 738 1421 sparsos
749 1355 860 1408 domum

193 1422 303 1477 Dedere
315 1425 395 1493 digne
405 1422 524 1492 poteritl
535 1420 578 1474 hic
591 1423 675 1474 durus
685 1423 764 1475 malis

193 1491 354 1547 Lacrimare
364 1494 454 1546 mutus
466 1493 561 1545 nescit.
579 1492 643 1543 lluc
654 1507 746 1545 ensem
758 1491 837 1555 data,

114 1559 182 1614 1230
191 1560 265 1615 Date
274 1561 328 1615 huc
338 1565 466 1631 sagittas,
478 1562 597 1628 stipitem
608 1558 662 1612 huc
672 1566 780 1613 rasurm
790 1563 868 1615 date:

192 1633 256 1685 Tibi
267 1633 323 1685 tela
332 1632 456 1700 frangam
466 1634 575 1694 nostra3
585 1629 635 1681 tibi
645 1635 769 1694 nostros,
779 1647 858 1700 puer,

191 1700 358 1768 Rumpemus
367 1717 463 1764 arcus,
475 1715 508 1752 ac
518 1700 572 1750 tuis
586 1700 671 1765 stipes
683 1701 775 1767 gravis

190 1771 303 1823 Ardebit
312 1770 428 1834 umbris3
439 1771 500 1835 ipsa
510 1766 643 1819 Lernaeis
654 1766 783 1836 frequens

191 1836 327 1891 Pheretra
336 1839 399 1890 telis
411 1839 440 1888 in
449 1843 512 1887 tuos
521 1835 572 1887 ibit
582 1851 674 1903 rogos.

112 1901 180 1958 1235
191 1906 266 1959 Dent
276 1922 352 1958 arma
362 1903 478 1973 poenas!
489 1919 539 1955 vos
550 1919 657 1971 quoque
667 1903 803 1958 infaustas
813 1909 882 1960 meis

191 1975 325 2027 Gremabo
335 1974 438 2035 taedis,
450 1987 466 2023 o
477 1973 636 2024 novercales
647 1973 755 2025 manus!

191 2056 292 2096 rnre.
318 2043 385 2106 Quis
400 2055 499 2093 nomen
514 2043 759 2162 unquamdsceleris
769 2045 858 2097 errori
868 2044 915 2098 ad·

187 2193 291 2233 nunc.
310 2177 400 2247 Saepe
414 2193 492 2233 error
506 2180 601 2249 ingens
612 2180 722 2232 sceleris
739 2178 860 2233 obtinuit
873 2181 913 2235 lo·

637 2263 707 2300 eum.

189 2328 290 2370 rurs.
308 2316 388 2371 Nunc
397 2317 519 2371 Hercule
531 2331 599 2437 opus
611 2322 665 2369 cst:
677 2315 770 2436 {certer
779 2316 913 2372 heremo·

579 2401 620 2437 em
632 2401 676 2436 ma
687 2403 704 2436 1.

108 2454 177 2508 1240
188 2467 290 2508 nnuc.
307 2454 370 2509 Non
381 2457 421 2509 sic
430 2453 527 2509 furore
540 2457 622 2508 cessit
633 2455 770 2507 extinctus
781 2457 884 2523 pudor,

186 2524 308 2593 Populos
318 2531 350 2577 ut
360 2540 454 2579 omnes
464 2525 548 2592 impio
559 2522 691 2589 adspectu
702 2522 805 2592 fugem.

185 2596 281 2658 Arma,
292 2609 381 2657 arma,
392 2593 517 2655 Theseu,
529 2591 623 2658 flagito
634 2606 752 2658 propere
763 2593 830 2647 mihi

187 2660 335 2716 subtracta
344 2662 431 2715 reddi.
450 2660 523 2714 Sana
533 2661 555 2712 si
566 2675 642 2711 mens
653 2665 695 2711 est
706 2658 786 2725 milri3
