<?xml version="1.0" encoding="UTF-8"?>
<!DOCTYPE html PUBLIC "-//W3C//DTD XHTML 1.0 Transitional//EN"
    "http://www.w3.org/TR/xhtml1/DTD/xhtml1-transitional.dtd">
<html xmlns="http://www.w3.org/1999/xhtml" xml:lang="en" lang="en">
 <head>
  <title>
</title>
<meta http-equiv="Content-Type" content="text/html;charset=utf-8" />
  <meta name='ocr-system' content='tesseract 3.04.00' />
  <meta name='ocr-capabilities' content='ocr_page ocr_carea ocr_par ocr_line ocrx_word'/>
</head>
<body>
  <div class='ocr_page' id='page_1' title='image "./tragoediaeadopt00senegoog_0373.png"; bbox 0 0 1904 2948; ppageno 0'>
   <div class='ocr_carea' id='block_1_1' title="bbox 75 100 699 176">
    <p class='ocr_par' dir='ltr' id='par_1_1' title="bbox 75 100 699 176">
     <span class='ocr_line' id='line_1_1' title="bbox 75 100 699 176; baseline -0.005 -14"><span class='ocrx_word' id='word_1_1' title='bbox 75 109 125 163; x_wconf 77' lang='lat' dir='ltr'>aas</span> <span class='ocrx_word' id='word_1_2' title='bbox 230 105 282 174; x_wconf 81' lang='lat' dir='ltr'>[n.</span> <span class='ocrx_word' id='word_1_3' title='bbox 316 102 473 157; x_wconf 74' lang='lat' dir='ltr'>nunaut</span> <span class='ocrx_word' id='word_1_4' title='bbox 492 100 699 176; x_wconf 75' lang='lat' dir='ltr'>sunnone]</span> 
     </span>
    </p>
   </div>
   <div class='ocr_carea' id='block_1_2' title="bbox 74 206 829 2678">
    <p class='ocr_par' dir='ltr' id='par_1_2' title="bbox 74 206 783 346">
     <span class='ocr_line' id='line_1_2' title="bbox 134 206 783 275; baseline -0.005 -13"><span class='ocrx_word' id='word_1_5' title='bbox 134 208 279 275; x_wconf 87' lang='lat' dir='ltr'>Plebisque</span> <span class='ocrx_word' id='word_1_6' title='bbox 288 206 373 270; x_wconf 82' lang='lat' dir='ltr'>votis,</span> <span class='ocrx_word' id='word_1_7' title='bbox 383 212 465 273; x_wconf 85' lang='lat' dir='ltr'>atque</span> <span class='ocrx_word' id='word_1_8' title='bbox 474 206 604 259; x_wconf 83' lang='lat' dir='ltr'>iudicium</span> <span class='ocrx_word' id='word_1_9' title='bbox 613 212 722 274; x_wconf 86' lang='lat' dir='ltr'>patrum</span> <span class='ocrx_word' id='word_1_10' title='bbox 731 216 783 265; x_wconf 81' lang='lat' dir='ltr'>eet.</span> 
     </span>
     <span class='ocr_line' id='line_1_3' title="bbox 74 274 756 346; baseline -0.001 -13"><span class='ocrx_word' id='word_1_11' title='bbox 74 280 125 333; x_wconf 75' lang='lat'>4⁹0</span> <span class='ocrx_word' id='word_1_12' title='bbox 136 281 180 330; x_wconf 88' lang='lat' dir='ltr'>Tu</span> <span class='ocrx_word' id='word_1_13' title='bbox 189 280 264 346; x_wconf 81' lang='lat' dir='ltr'>pacis</span> <span class='ocrx_word' id='word_1_14' title='bbox 275 283 381 338; x_wconf 81' lang='lat' dir='ltr'>auctor,</span> <span class='ocrx_word' id='word_1_15' title='bbox 401 277 509 343; x_wconf 86' lang='lat' dir='ltr'>generis</span> <span class='ocrx_word' id='word_1_16' title='bbox 518 274 629 329; x_wconf 88' lang='lat' dir='ltr'>humani</span> <span class='ocrx_word' id='word_1_17' title='bbox 639 278 756 343; x_wconf 81' lang='lat' dir='ltr'>arbiter,</span> 
     </span>
    </p>

    <p class='ocr_par' dir='ltr' id='par_1_3' title="bbox 133 345 684 413">
     <span class='ocr_line' id='line_1_4' title="bbox 133 345 684 413; baseline -0.007 -12"><span class='ocrx_word' id='word_1_18' title='bbox 133 348 243 401; x_wconf 76' lang='lat' dir='ltr'><strong>Electus</strong></span> <span class='ocrx_word' id='word_1_19' title='bbox 249 362 257 411; x_wconf 89' lang='lat'>;</span> <span class='ocrx_word' id='word_1_20' title='bbox 268 345 362 396; x_wconf 88' lang='lat' dir='ltr'>orbem</span> <span class='ocrx_word' id='word_1_21' title='bbox 371 349 402 395; x_wconf 91' lang='lat' dir='ltr'>tu</span> <span class='ocrx_word' id='word_1_22' title='bbox 412 358 491 395; x_wconf 82' lang='lat' dir='ltr'>saera</span> <span class='ocrx_word' id='word_1_23' title='bbox 501 346 592 411; x_wconf 83' lang='lat' dir='ltr'>speeie</span> <span class='ocrx_word' id='word_1_24' title='bbox 602 347 684 413; x_wconf 82' lang='lat' dir='ltr'>regis,</span> 
     </span>
    </p>

    <p class='ocr_par' dir='ltr' id='par_1_4' title="bbox 132 413 787 482">
     <span class='ocr_line' id='line_1_5' title="bbox 132 413 787 482; baseline 0.002 -15"><span class='ocrx_word' id='word_1_25' title='bbox 132 417 243 467; x_wconf 75' lang='lat' dir='ltr'>Patriae</span> <span class='ocrx_word' id='word_1_26' title='bbox 252 429 364 481; x_wconf 63' lang='lat' dir='ltr'>perenm</span> <span class='ocrx_word' id='word_1_27' title='bbox 376 413 448 480; x_wconf 84' lang='lat' dir='ltr'>quod</span> <span class='ocrx_word' id='word_1_28' title='bbox 457 427 556 464; x_wconf 91' lang='lat' dir='ltr'>nomen</span> <span class='ocrx_word' id='word_1_29' title='bbox 565 417 597 463; x_wconf 91' lang='lat' dir='ltr'>ut</span> <span class='ocrx_word' id='word_1_30' title='bbox 606 428 698 466; x_wconf 80' lang='lat' dir='ltr'>serres</span> <span class='ocrx_word' id='word_1_31' title='bbox 707 418 787 482; x_wconf 85' lang='lat' dir='ltr'>petit,</span> 
     </span>
    </p>

    <p class='ocr_par' dir='ltr' id='par_1_5' title="bbox 134 480 688 551">
     <span class='ocr_line' id='line_1_6' title="bbox 134 480 688 551; baseline -0.004 -17"><span class='ocrx_word' id='word_1_32' title='bbox 134 482 258 551; x_wconf 85' lang='lat' dir='ltr'>Sunsque</span> <span class='ocrx_word' id='word_1_33' title='bbox 269 484 342 533; x_wconf 76' lang='lat' dir='ltr'>eires</span> <span class='ocrx_word' id='word_1_34' title='bbox 352 481 439 532; x_wconf 86' lang='lat' dir='ltr'>Roma</span> <span class='ocrx_word' id='word_1_35' title='bbox 450 480 622 532; x_wconf 84' lang='lat' dir='ltr'>commendat</span> <span class='ocrx_word' id='word_1_36' title='bbox 631 483 688 532; x_wconf 87' lang='lat' dir='ltr'>tibi.</span> 
     </span>
    </p>

    <p class='ocr_par' dir='ltr' id='par_1_6' title="bbox 133 549 829 617">
     <span class='ocr_line' id='line_1_7' title="bbox 133 549 829 617; baseline 0.003 -13"><span class='ocrx_word' id='word_1_37' title='bbox 133 564 234 604; x_wconf 73' lang='lat' dir='ltr'>nuno.</span> <span class='ocrx_word' id='word_1_38' title='bbox 251 552 351 601; x_wconf 86' lang='lat' dir='ltr'>Munus</span> <span class='ocrx_word' id='word_1_39' title='bbox 365 550 476 602; x_wconf 86' lang='lat' dir='ltr'>deorum</span> <span class='ocrx_word' id='word_1_40' title='bbox 488 554 544 612; x_wconf 86' lang='lat' dir='ltr'>est,</span> <span class='ocrx_word' id='word_1_41' title='bbox 558 551 618 615; x_wconf 85' lang='lat' dir='ltr'>ipsa</span> <span class='ocrx_word' id='word_1_42' title='bbox 629 549 703 617; x_wconf 85' lang='lat' dir='ltr'>quod</span> <span class='ocrx_word' id='word_1_43' title='bbox 711 554 798 605; x_wconf 82' lang='lat' dir='ltr'>servit</span> <span class='ocrx_word' id='word_1_44' title='bbox 810 568 829 605; x_wconf 82' lang='grc' dir='ltr'>ιι</span> 
     </span>
    </p>

    <p class='ocr_par' dir='ltr' id='par_1_7' title="bbox 74 616 789 957">
     <span class='ocr_line' id='line_1_8' title="bbox 74 616 789 686; baseline 0.001 -14"><span class='ocrx_word' id='word_1_45' title='bbox 74 622 124 674; x_wconf 78' lang='grc'>495</span> <span class='ocrx_word' id='word_1_46' title='bbox 136 622 224 671; x_wconf 88' lang='lat' dir='ltr'>Roma</span> <span class='ocrx_word' id='word_1_47' title='bbox 233 624 261 671; x_wconf 91' lang='lat' dir='ltr'>et</span> <span class='ocrx_word' id='word_1_48' title='bbox 271 616 401 683; x_wconf 61' lang='lat' dir='ltr'>Senatum</span> <span class='ocrx_word' id='word_1_49' title='bbox 412 618 536 686; x_wconf 86' lang='lat' dir='ltr'>quodque</span> <span class='ocrx_word' id='word_1_50' title='bbox 548 619 581 668; x_wconf 91' lang='lat' dir='ltr'>ab</span> <span class='ocrx_word' id='word_1_51' title='bbox 592 620 681 670; x_wconf 68' lang='lat' dir='ltr'>inritis</span> <span class='ocrx_word' id='word_1_52' title='bbox 693 634 789 685; x_wconf 79' lang='lat' dir='ltr'><strong>preces</strong></span> 
     </span>
     <span class='ocr_line' id='line_1_9' title="bbox 134 687 739 754; baseline -0.002 -14"><span class='ocrx_word' id='word_1_53' title='bbox 134 687 309 754; x_wconf 87' lang='lat' dir='ltr'>linmiiesque</span> <span class='ocrx_word' id='word_1_54' title='bbox 319 702 401 737; x_wconf 75' lang='lat' dir='ltr'>voces</span> <span class='ocrx_word' id='word_1_55' title='bbox 413 687 540 752; x_wconf 76' lang='lat' dir='ltr'>exprimit</span> <span class='ocrx_word' id='word_1_56' title='bbox 549 688 635 738; x_wconf 90' lang='lat' dir='ltr'>nostri</span> <span class='ocrx_word' id='word_1_57' title='bbox 642 693 739 739; x_wconf 87' lang='lat' dir='ltr'>metus.</span> 
     </span>
     <span class='ocr_line' id='line_1_10' title="bbox 136 756 727 823; baseline 0.002 -16"><span class='ocrx_word' id='word_1_58' title='bbox 136 756 250 807; x_wconf 73' lang='lat' dir='ltr'>Senem</span> <span class='ocrx_word' id='word_1_59' title='bbox 261 757 332 805; x_wconf 78' lang='lat' dir='ltr'>cives</span> <span class='ocrx_word' id='word_1_60' title='bbox 342 756 456 821; x_wconf 85' lang='lat' dir='ltr'>principi</span> <span class='ocrx_word' id='word_1_61' title='bbox 466 760 494 807; x_wconf 91' lang='lat' dir='ltr'>et</span> <span class='ocrx_word' id='word_1_62' title='bbox 505 758 610 821; x_wconf 78' lang='lat' dir='ltr'>patriae</span> <span class='ocrx_word' id='word_1_63' title='bbox 621 770 727 823; x_wconf 82' lang='lat' dir='ltr'>graves,</span> 
     </span>
     <span class='ocr_line' id='line_1_11' title="bbox 136 823 782 891; baseline 0 -15"><span class='ocrx_word' id='word_1_64' title='bbox 136 826 216 876; x_wconf 80' lang='lat' dir='ltr'>Giano</span> <span class='ocrx_word' id='word_1_65' title='bbox 228 829 363 874; x_wconf 78' lang='lat' dir='ltr'>tumentes</span> <span class='ocrx_word' id='word_1_66' title='bbox 375 839 487 890; x_wconf 86' lang='lat' dir='ltr'>genere,</span> <span class='ocrx_word' id='word_1_67' title='bbox 501 839 570 891; x_wconf 87' lang='lat' dir='ltr'>quae</span> <span class='ocrx_word' id='word_1_68' title='bbox 581 823 718 876; x_wconf 82' lang='lat' dir='ltr'>dementia</span> <span class='ocrx_word' id='word_1_69' title='bbox 730 832 782 888; x_wconf 86' lang='lat' dir='ltr'>est,</span> 
     </span>
     <span class='ocr_line' id='line_1_12' title="bbox 136 892 651 957; baseline 0 -14"><span class='ocrx_word' id='word_1_70' title='bbox 136 896 202 943; x_wconf 84' lang='lat' dir='ltr'>Cum</span> <span class='ocrx_word' id='word_1_71' title='bbox 213 894 295 944; x_wconf 84' lang='lat' dir='ltr'>liceat</span> <span class='ocrx_word' id='word_1_72' title='bbox 304 906 360 943; x_wconf 87' lang='lat' dir='ltr'>una</span> <span class='ocrx_word' id='word_1_73' title='bbox 367 906 437 943; x_wconf 71' lang='lat' dir='ltr'>voce.</span> <span class='ocrx_word' id='word_1_74' title='bbox 445 898 588 957; x_wconf 76' lang='lat' dir='ltr'>stupentes</span> <span class='ocrx_word' id='word_1_75' title='bbox 598 892 651 943; x_wconf 86' lang='lat' dir='ltr'>sibi</span> 
     </span>
    </p>

    <p class='ocr_par' dir='ltr' id='par_1_8' title="bbox 77 958 694 1023">
     <span class='ocr_line' id='line_1_13' title="bbox 77 958 694 1023; baseline 0.002 -12"><span class='ocrx_word' id='word_1_76' title='bbox 77 964 128 1012; x_wconf 75' lang='lat'>600</span> <span class='ocrx_word' id='word_1_77' title='bbox 137 963 209 1013; x_wconf 86' lang='lat' dir='ltr'>Mori</span> <span class='ocrx_word' id='word_1_78' title='bbox 219 960 328 1011; x_wconf 70' lang='lat' dir='ltr'>iubere?</span> <span class='ocrx_word' id='word_1_79' title='bbox 339 961 441 1011; x_wconf 85' lang='lat' dir='ltr'>Brutus</span> <span class='ocrx_word' id='word_1_80' title='bbox 450 958 478 1011; x_wconf 88' lang='lat' dir='ltr'>iu</span> <span class='ocrx_word' id='word_1_81' title='bbox 489 959 600 1012; x_wconf 82' lang='lat' dir='ltr'>eaedem</span> <span class='ocrx_word' id='word_1_82' title='bbox 610 959 694 1023; x_wconf 84' lang='lat' dir='ltr'>ducis,</span> 
     </span>
    </p>

    <p class='ocr_par' dir='ltr' id='par_1_9' title="bbox 136 1028 811 1285">
     <span class='ocr_line' id='line_1_14' title="bbox 137 1028 712 1096; baseline -0.005 -15"><span class='ocrx_word' id='word_1_83' title='bbox 137 1030 156 1081; x_wconf 79' lang='grc' dir='ltr'>Α</span> <span class='ocrx_word' id='word_1_84' title='bbox 169 1046 222 1096; x_wconf 90' lang='lat' dir='ltr'>qun</span> <span class='ocrx_word' id='word_1_85' title='bbox 232 1028 348 1081; x_wconf 88' lang='lat' dir='ltr'>salutem</span> <span class='ocrx_word' id='word_1_86' title='bbox 357 1028 470 1090; x_wconf 74' lang='lat' dir='ltr'>tulerat,</span> <span class='ocrx_word' id='word_1_87' title='bbox 483 1029 598 1079; x_wconf 72' lang='lat' dir='ltr'>armant</span> <span class='ocrx_word' id='word_1_88' title='bbox 608 1043 712 1081; x_wconf 86' lang='lat' dir='ltr'>manus.</span> 
     </span>
     <span class='ocr_line' id='line_1_15' title="bbox 137 1096 811 1165; baseline -0.001 -16"><span class='ocrx_word' id='word_1_89' title='bbox 137 1096 682 1165; x_wconf 74' lang='lat' dir='ltr'>lin-ictusacie,gentiumdomitor,laai</span> <span class='ocrx_word' id='word_1_90' title='bbox 808 1150 811 1155; x_wconf 76' lang='grc'><strong>,</strong></span> 
     </span>
     <span class='ocr_line' id='line_1_16' title="bbox 136 1164 771 1233; baseline 0.003 -16"><span class='ocrx_word' id='word_1_91' title='bbox 136 1168 273 1232; x_wconf 81' lang='lat' dir='ltr'>Aequatus</span> <span class='ocrx_word' id='word_1_92' title='bbox 284 1166 355 1217; x_wconf 80' lang='lat' dir='ltr'>altos</span> <span class='ocrx_word' id='word_1_93' title='bbox 365 1180 448 1231; x_wconf 75' lang='lat' dir='ltr'>saepe</span> <span class='ocrx_word' id='word_1_94' title='bbox 458 1180 509 1231; x_wconf 87' lang='lat' dir='ltr'>per</span> <span class='ocrx_word' id='word_1_95' title='bbox 516 1164 650 1216; x_wconf 86' lang='lat' dir='ltr'>honorum</span> <span class='ocrx_word' id='word_1_96' title='bbox 662 1167 771 1233; x_wconf 84' lang='lat' dir='ltr'>gradus,</span> 
     </span>
     <span class='ocr_line' id='line_1_17' title="bbox 140 1231 712 1285; baseline 0.002 -1"><span class='ocrx_word' id='word_1_97' title='bbox 140 1235 241 1285; x_wconf 84' lang='lat' dir='ltr'>Caesar</span> <span class='ocrx_word' id='word_1_98' title='bbox 250 1231 367 1284; x_wconf 80' lang='lat' dir='ltr'>nefando</span> <span class='ocrx_word' id='word_1_99' title='bbox 380 1234 479 1285; x_wconf 77' lang='lat' dir='ltr'>nivium</span> <span class='ocrx_word' id='word_1_100' title='bbox 488 1234 592 1284; x_wconf 82' lang='lat' dir='ltr'>sceiere</span> <span class='ocrx_word' id='word_1_101' title='bbox 603 1234 712 1285; x_wconf 86' lang='lat' dir='ltr'>oceidit.</span> 
     </span>
    </p>

    <p class='ocr_par' dir='ltr' id='par_1_10' title="bbox 79 1300 769 1642">
     <span class='ocr_line' id='line_1_18' title="bbox 79 1300 704 1365; baseline 0.002 -12"><span class='ocrx_word' id='word_1_102' title='bbox 79 1301 128 1353; x_wconf 84' lang='lat'>505</span> <span class='ocrx_word' id='word_1_103' title='bbox 143 1302 278 1364; x_wconf 80' lang='lat' dir='ltr'>Quantum</span> <span class='ocrx_word' id='word_1_104' title='bbox 290 1301 393 1351; x_wconf 83' lang='lat' dir='ltr'>emeris</span> <span class='ocrx_word' id='word_1_105' title='bbox 402 1300 491 1352; x_wconf 88' lang='lat' dir='ltr'>Roma</span> <span class='ocrx_word' id='word_1_106' title='bbox 499 1307 565 1352; x_wconf 84' lang='lat' dir='ltr'>tunc</span> <span class='ocrx_word' id='word_1_107' title='bbox 575 1302 644 1352; x_wconf 76' lang='lat' dir='ltr'>nuit</span> <span class='ocrx_word' id='word_1_108' title='bbox 654 1304 704 1365; x_wconf 88' lang='lat' dir='ltr'>sui,</span> 
     </span>
     <span class='ocr_line' id='line_1_19' title="bbox 138 1369 675 1438; baseline 0 -17"><span class='ocrx_word' id='word_1_109' title='bbox 138 1371 275 1422; x_wconf 84' lang='lat' dir='ltr'>Lacerata</span> <span class='ocrx_word' id='word_1_110' title='bbox 284 1369 378 1421; x_wconf 81' lang='lat' dir='ltr'>toties!</span> <span class='ocrx_word' id='word_1_111' title='bbox 388 1369 451 1433; x_wconf 85' lang='lat' dir='ltr'>lile,</span> <span class='ocrx_word' id='word_1_112' title='bbox 463 1371 508 1437; x_wconf 91' lang='lat' dir='ltr'>qui</span> <span class='ocrx_word' id='word_1_113' title='bbox 518 1371 620 1422; x_wconf 69' lang='lat' dir='ltr'>met-trit</span> <span class='ocrx_word' id='word_1_114' title='bbox 628 1374 675 1438; x_wconf 82' lang='lat' dir='ltr'>piu</span> 
     </span>
     <span class='ocr_line' id='line_1_20' title="bbox 139 1439 711 1507; baseline -0.005 -14"><span class='ocrx_word' id='word_1_115' title='bbox 139 1440 248 1493; x_wconf 77' lang='lat' dir='ltr'>Virtute</span> <span class='ocrx_word' id='word_1_116' title='bbox 261 1439 379 1502; x_wconf 80' lang='lat' dir='ltr'>eoelum,</span> <span class='ocrx_word' id='word_1_117' title='bbox 390 1439 466 1490; x_wconf 84' lang='lat' dir='ltr'>divus</span> <span class='ocrx_word' id='word_1_118' title='bbox 477 1440 627 1507; x_wconf 76' lang='lat' dir='ltr'>Augustus,</span> <span class='ocrx_word' id='word_1_119' title='bbox 636 1441 711 1491; x_wconf 82' lang='lat' dir='ltr'>viros</span> 
     </span>
     <span class='ocr_line' id='line_1_21' title="bbox 141 1507 724 1571; baseline 0.005 -13"><span class='ocrx_word' id='word_1_120' title='bbox 141 1510 216 1569; x_wconf 79' lang='lat' dir='ltr'>Quot</span> <span class='ocrx_word' id='word_1_121' title='bbox 224 1509 361 1559; x_wconf 76' lang='lat' dir='ltr'>interemit</span> <span class='ocrx_word' id='word_1_122' title='bbox 372 1507 488 1570; x_wconf 83' lang='lat' dir='ltr'>nobiles,</span> <span class='ocrx_word' id='word_1_123' title='bbox 498 1509 624 1571; x_wconf 81' lang='lat' dir='ltr'>iuvenes,</span> <span class='ocrx_word' id='word_1_124' title='bbox 635 1523 724 1571; x_wconf 85' lang='lat' dir='ltr'>senes,</span> 
     </span>
     <span class='ocr_line' id='line_1_22' title="bbox 140 1574 769 1642; baseline 0.003 -15"><span class='ocrx_word' id='word_1_125' title='bbox 140 1574 256 1642; x_wconf 85' lang='lat' dir='ltr'>Sparsus</span> <span class='ocrx_word' id='word_1_126' title='bbox 266 1591 316 1642; x_wconf 85' lang='lat' dir='ltr'>per</span> <span class='ocrx_word' id='word_1_127' title='bbox 326 1576 432 1638; x_wconf 89' lang='lat' dir='ltr'>orbem,</span> <span class='ocrx_word' id='word_1_128' title='bbox 444 1590 505 1626; x_wconf 90' lang='lat' dir='ltr'>cum</span> <span class='ocrx_word' id='word_1_129' title='bbox 514 1591 578 1628; x_wconf 83' lang='lat' dir='ltr'>suos</span> <span class='ocrx_word' id='word_1_130' title='bbox 586 1578 683 1628; x_wconf 84' lang='lat' dir='ltr'>mortis</span> <span class='ocrx_word' id='word_1_131' title='bbox 694 1584 769 1629; x_wconf 83' lang='lat' dir='ltr'>metu</span> 
     </span>
    </p>

    <p class='ocr_par' dir='ltr' id='par_1_11' title="bbox 78 1644 763 1913">
     <span class='ocr_line' id='line_1_23' title="bbox 78 1644 763 1711; baseline 0.001 -15"><span class='ocrx_word' id='word_1_132' title='bbox 78 1646 128 1698; x_wconf 80' lang='lat'>510</span> <span class='ocrx_word' id='word_1_133' title='bbox 140 1646 278 1711; x_wconf 83' lang='lat' dir='ltr'>Fugerent</span> <span class='ocrx_word' id='word_1_134' title='bbox 286 1650 399 1710; x_wconf 82' lang='lat' dir='ltr'>penates</span> <span class='ocrx_word' id='word_1_135' title='bbox 410 1649 438 1695; x_wconf 88' lang='lat' dir='ltr'>et</span> <span class='ocrx_word' id='word_1_136' title='bbox 447 1646 530 1695; x_wconf 90' lang='lat' dir='ltr'>trium</span> <span class='ocrx_word' id='word_1_137' title='bbox 539 1644 642 1697; x_wconf 86' lang='lat' dir='ltr'>ferrum</span> <span class='ocrx_word' id='word_1_138' title='bbox 652 1646 763 1709; x_wconf 85' lang='lat' dir='ltr'>dueum,</span> 
     </span>
     <span class='ocr_line' id='line_1_24' title="bbox 138 1712 656 1765; baseline 0.002 -3"><span class='ocrx_word' id='word_1_139' title='bbox 138 1714 246 1764; x_wconf 83' lang='lat' dir='ltr'>Tabula</span> <span class='ocrx_word' id='word_1_140' title='bbox 255 1718 367 1764; x_wconf 87' lang='lat' dir='ltr'>notante</span> <span class='ocrx_word' id='word_1_141' title='bbox 378 1713 485 1765; x_wconf 86' lang='lat' dir='ltr'>deditus</span> <span class='ocrx_word' id='word_1_142' title='bbox 496 1714 568 1764; x_wconf 84' lang='lat' dir='ltr'>tristi</span> <span class='ocrx_word' id='word_1_143' title='bbox 578 1712 656 1765; x_wconf 75' lang='lat' dir='ltr'>neeii</span> 
     </span>
     <span class='ocr_line' id='line_1_25' title="bbox 138 1782 736 1848; baseline 0.005 -16"><span class='ocrx_word' id='word_1_144' title='bbox 138 1782 272 1848; x_wconf 78' lang='lat' dir='ltr'>Exposita</span> <span class='ocrx_word' id='word_1_145' title='bbox 280 1783 377 1832; x_wconf 86' lang='lat' dir='ltr'>rostris</span> <span class='ocrx_word' id='word_1_146' title='bbox 388 1782 479 1848; x_wconf 82' lang='lat' dir='ltr'>eapite</span> <span class='ocrx_word' id='word_1_147' title='bbox 491 1796 631 1832; x_wconf 84' lang='lat' dir='ltr'>caesorum</span> <span class='ocrx_word' id='word_1_148' title='bbox 641 1787 736 1848; x_wconf 81' lang='lat' dir='ltr'>patres</span> 
     </span>
     <span class='ocr_line' id='line_1_26' title="bbox 136 1848 664 1913; baseline 0.002 -13"><span class='ocrx_word' id='word_1_149' title='bbox 136 1851 239 1902; x_wconf 88' lang='lat' dir='ltr'>Videre</span> <span class='ocrx_word' id='word_1_150' title='bbox 248 1850 359 1912; x_wconf 85' lang='lat' dir='ltr'>moesti3</span> <span class='ocrx_word' id='word_1_151' title='bbox 369 1849 435 1901; x_wconf 88' lang='lat' dir='ltr'>ilere</span> <span class='ocrx_word' id='word_1_152' title='bbox 445 1865 496 1901; x_wconf 87' lang='lat' dir='ltr'>nec</span> <span class='ocrx_word' id='word_1_153' title='bbox 504 1848 581 1900; x_wconf 86' lang='lat' dir='ltr'>licuit</span> <span class='ocrx_word' id='word_1_154' title='bbox 590 1865 664 1913; x_wconf 83' lang='lat' dir='ltr'>suos,</span> 
     </span>
    </p>

    <p class='ocr_par' dir='ltr' id='par_1_12' title="bbox 136 1917 670 1985">
     <span class='ocr_line' id='line_1_27' title="bbox 136 1917 670 1985; baseline 0.002 -17"><span class='ocrx_word' id='word_1_155' title='bbox 136 1917 198 1969; x_wconf 88' lang='lat' dir='ltr'>Nnn</span> <span class='ocrx_word' id='word_1_156' title='bbox 210 1932 332 1985; x_wconf 86' lang='lat' dir='ltr'>gemere,</span> <span class='ocrx_word' id='word_1_157' title='bbox 343 1919 402 1968; x_wconf 83' lang='lat' dir='ltr'>dire</span> <span class='ocrx_word' id='word_1_158' title='bbox 412 1918 475 1968; x_wconf 87' lang='lat' dir='ltr'>tabe</span> <span class='ocrx_word' id='word_1_159' title='bbox 486 1919 589 1984; x_wconf 88' lang='lat' dir='ltr'>polluto</span> <span class='ocrx_word' id='word_1_160' title='bbox 600 1917 670 1981; x_wconf 82' lang='lat' dir='ltr'>foro,</span> 
     </span>
    </p>

    <p class='ocr_par' dir='ltr' id='par_1_13' title="bbox 79 1984 706 2055">
     <span class='ocr_line' id='line_1_28' title="bbox 79 1984 706 2055; baseline 0.006 -18"><span class='ocrx_word' id='word_1_161' title='bbox 79 1985 129 2038; x_wconf 72' lang='lat'>515</span> <span class='ocrx_word' id='word_1_162' title='bbox 141 1984 264 2038; x_wconf 86' lang='lat' dir='ltr'>Stillante</span> <span class='ocrx_word' id='word_1_163' title='bbox 275 1989 349 2039; x_wconf 88' lang='lat' dir='ltr'>sanie</span> <span class='ocrx_word' id='word_1_164' title='bbox 360 2002 410 2053; x_wconf 84' lang='lat' dir='ltr'>per</span> <span class='ocrx_word' id='word_1_165' title='bbox 420 1992 512 2052; x_wconf 89' lang='lat' dir='ltr'>putres</span> <span class='ocrx_word' id='word_1_166' title='bbox 521 1988 611 2039; x_wconf 84' lang='lat' dir='ltr'>vuitus</span> <span class='ocrx_word' id='word_1_167' title='bbox 620 1990 706 2055; x_wconf 81' lang='lat' dir='ltr'>gravi.</span> 
     </span>
    </p>

    <p class='ocr_par' dir='ltr' id='par_1_14' title="bbox 137 2053 744 2327">
     <span class='ocr_line' id='line_1_29' title="bbox 137 2053 697 2107; baseline 0.002 -3"><span class='ocrx_word' id='word_1_168' title='bbox 137 2054 196 2106; x_wconf 79' lang='lat' dir='ltr'>Nec</span> <span class='ocrx_word' id='word_1_169' title='bbox 206 2055 268 2106; x_wconf 85' lang='lat' dir='ltr'>finis</span> <span class='ocrx_word' id='word_1_170' title='bbox 277 2053 322 2105; x_wconf 86' lang='lat' dir='ltr'>hie</span> <span class='ocrx_word' id='word_1_171' title='bbox 333 2057 437 2106; x_wconf 85' lang='lat' dir='ltr'>cruoris</span> <span class='ocrx_word' id='word_1_172' title='bbox 448 2061 496 2107; x_wconf 83' lang='lat' dir='ltr'>eut</span> <span class='ocrx_word' id='word_1_173' title='bbox 506 2056 597 2107; x_wconf 80' lang='lat' dir='ltr'>caedis</span> <span class='ocrx_word' id='word_1_174' title='bbox 607 2057 697 2107; x_wconf 84' lang='lat' dir='ltr'>stetit=</span> 
     </span>
     <span class='ocr_line' id='line_1_30' title="bbox 138 2122 658 2175; baseline 0.002 -1"><span class='ocrx_word' id='word_1_175' title='bbox 138 2124 243 2175; x_wconf 73' lang='lat' dir='ltr'>Patere</span> <span class='ocrx_word' id='word_1_176' title='bbox 252 2123 375 2173; x_wconf 75' lang='lat' dir='ltr'>volucres</span> <span class='ocrx_word' id='word_1_177' title='bbox 387 2122 496 2174; x_wconf 80' lang='lat' dir='ltr'>etseras</span> <span class='ocrx_word' id='word_1_178' title='bbox 508 2139 603 2175; x_wconf 84' lang='lat' dir='ltr'>saevas</span> <span class='ocrx_word' id='word_1_179' title='bbox 613 2125 658 2175; x_wconf 83' lang='lat' dir='ltr'>diu</span> 
     </span>
     <span class='ocr_line' id='line_1_31' title="bbox 140 2190 744 2257; baseline 0.008 -16"><span class='ocrx_word' id='word_1_180' title='bbox 140 2193 244 2243; x_wconf 75' lang='lat' dir='ltr'>Tristes</span> <span class='ocrx_word' id='word_1_181' title='bbox 256 2190 386 2257; x_wconf 83' lang='lat' dir='ltr'>Philippi3</span> <span class='ocrx_word' id='word_1_182' title='bbox 397 2190 488 2242; x_wconf 85' lang='lat' dir='ltr'>hausit</span> <span class='ocrx_word' id='word_1_183' title='bbox 498 2198 527 2243; x_wconf 92' lang='lat' dir='ltr'>et</span> <span class='ocrx_word' id='word_1_184' title='bbox 537 2192 656 2243; x_wconf 83' lang='lat' dir='ltr'>Siculum</span> <span class='ocrx_word' id='word_1_185' title='bbox 666 2208 744 2247; x_wconf 81' lang='lat' dir='ltr'>mare</span> 
     </span>
     <span class='ocr_line' id='line_1_32' title="bbox 140 2260 713 2327; baseline 0.003 -17"><span class='ocrx_word' id='word_1_186' title='bbox 140 2261 259 2323; x_wconf 71' lang='lat' dir='ltr'>Classes,</span> <span class='ocrx_word' id='word_1_187' title='bbox 267 2260 394 2327; x_wconf 71' lang='lat' dir='ltr'>virosque</span> <span class='ocrx_word' id='word_1_188' title='bbox 406 2274 487 2325; x_wconf 82' lang='lat' dir='ltr'>saepe</span> <span class='ocrx_word' id='word_1_189' title='bbox 498 2260 633 2312; x_wconf 83' lang='lat' dir='ltr'>cedentes.</span> <span class='ocrx_word' id='word_1_190' title='bbox 651 2260 713 2312; x_wconf 87' lang='lat' dir='ltr'>Suis</span> 
     </span>
    </p>

    <p class='ocr_par' dir='ltr' id='par_1_15' title="bbox 78 2328 773 2678">
     <span class='ocr_line' id='line_1_33' title="bbox 78 2328 742 2396; baseline 0.009 -20"><span class='ocrx_word' id='word_1_191' title='bbox 78 2329 129 2377; x_wconf 77' lang='lat'>520</span> <span class='ocrx_word' id='word_1_192' title='bbox 140 2330 293 2379; x_wconf 77' lang='lat' dir='ltr'>concussus</span> <span class='ocrx_word' id='word_1_193' title='bbox 305 2328 377 2380; x_wconf 84' lang='lat' dir='ltr'>orbis</span> <span class='ocrx_word' id='word_1_194' title='bbox 387 2330 496 2380; x_wconf 66' lang='lat' dir='ltr'>uiribus.</span> <span class='ocrx_word' id='word_1_195' title='bbox 515 2330 631 2396; x_wconf 81' lang='lat' dir='ltr'>Magnus</span> <span class='ocrx_word' id='word_1_196' title='bbox 642 2330 742 2382; x_wconf 89' lang='lat' dir='ltr'>ducum</span> 
     </span>
     <span class='ocr_line' id='line_1_34' title="bbox 138 2392 695 2465; baseline 0.009 -20"><span class='ocrx_word' id='word_1_197' title='bbox 138 2392 287 2461; x_wconf 85' lang='lat' dir='ltr'>Superatus</span> <span class='ocrx_word' id='word_1_198' title='bbox 298 2400 370 2460; x_wconf 87' lang='lat' dir='ltr'>acie,</span> <span class='ocrx_word' id='word_1_199' title='bbox 380 2398 514 2464; x_wconf 89' lang='lat' dir='ltr'>puppibus</span> <span class='ocrx_word' id='word_1_200' title='bbox 525 2398 613 2448; x_wconf 83' lang='lat' dir='ltr'>Nilum</span> <span class='ocrx_word' id='word_1_201' title='bbox 625 2400 695 2465; x_wconf 89' lang='lat' dir='ltr'>petit</span> 
     </span>
     <span class='ocr_line' id='line_1_35' title="bbox 136 2464 665 2532; baseline 0.006 -17"><span class='ocrx_word' id='word_1_202' title='bbox 136 2464 230 2531; x_wconf 78' lang='lat' dir='ltr'>Fugaa</span> <span class='ocrx_word' id='word_1_203' title='bbox 241 2468 356 2531; x_wconf 85' lang='lat' dir='ltr'>paratis,</span> <span class='ocrx_word' id='word_1_204' title='bbox 366 2467 425 2532; x_wconf 85' lang='lat' dir='ltr'>ipse</span> <span class='ocrx_word' id='word_1_205' title='bbox 436 2467 570 2532; x_wconf 87' lang='lat' dir='ltr'>periturus</span> <span class='ocrx_word' id='word_1_206' title='bbox 580 2467 665 2518; x_wconf 86' lang='lat' dir='ltr'>brevi.</span> 
     </span>
     <span class='ocr_line' id='line_1_36' title="bbox 133 2531 691 2587; baseline 0.007 -4"><span class='ocrx_word' id='word_1_207' title='bbox 133 2531 365 2587; x_wconf 84' lang='lat' dir='ltr'>Hausitcruorem</span> <span class='ocrx_word' id='word_1_208' title='bbox 376 2537 480 2586; x_wconf 84' lang='lat' dir='ltr'>incesta</span> <span class='ocrx_word' id='word_1_209' title='bbox 489 2535 603 2586; x_wconf 87' lang='lat' dir='ltr'>Romeni</span> <span class='ocrx_word' id='word_1_210' title='bbox 615 2536 691 2587; x_wconf 83' lang='lat' dir='ltr'>ducis</span> 
     </span>
     <span class='ocr_line' id='line_1_37' title="bbox 126 2602 773 2678; baseline 0 -21"><span class='ocrx_word' id='word_1_211' title='bbox 126 2604 228 2678; x_wconf 64' lang='lat' dir='ltr'>Aegyp</span> <span class='ocrx_word' id='word_1_212' title='bbox 233 2612 275 2661; x_wconf 83' lang='lat' dir='ltr'>tus</span> <span class='ocrx_word' id='word_1_213' title='bbox 287 2608 389 2662; x_wconf 87' lang='lat' dir='ltr'>iterum</span> <span class='ocrx_word' id='word_1_214' title='bbox 396 2644 405 2671; x_wconf 87' lang='lat'>,</span> <span class='ocrx_word' id='word_1_215' title='bbox 413 2618 484 2658; x_wconf 86' lang='lat' dir='ltr'>nune</span> <span class='ocrx_word' id='word_1_216' title='bbox 490 2602 567 2655; x_wconf 72' lang='lat' dir='ltr'>ienes</span> <span class='ocrx_word' id='word_1_217' title='bbox 573 2605 683 2656; x_wconf 68' lang='lat' dir='ltr'>naturas</span> <span class='ocrx_word' id='word_1_218' title='bbox 695 2608 773 2674; x_wconf 69' lang='lat' dir='ltr'>tegit.</span> 
     </span>
    </p>
   </div>
   <div class='ocr_carea' id='block_1_3' title="bbox 0 0 960 2948">
    <p class='ocr_par' dir='ltr' id='par_1_16' title="bbox 0 0 960 2948">
     <span class='ocr_line' id='line_1_38' title="bbox 0 0 960 2948; baseline 0 0"><span class='ocrx_word' id='word_1_219' title='bbox 0 0 960 2948; x_wconf 95' lang='lat' dir='ltr'> </span> 
     </span>
    </p>
   </div>
  </div>
 </body>
</html>
