1860 2970
255 118 535 178 PHOENISSAE.
568 127 655 181 ACT.
674 129 696 182 1.
771 187 774 191 .

64 221 95 276 Iu
105 223 188 293 plana
198 222 303 279 teudisi
323 228 404 279 rado.
438 227 591 297 Praerupta
602 231 725 298 adpetisi

65 292 126 344 Non
138 295 232 356 obsto,
243 296 292 348 sed
302 296 447 363 praecedo.
484 300 586 360 Quouis
596 306 680 355 utera·
695 358 699 363 ,

64 361 211 414 Duceme!
232 365 346 418 Duobus
357 368 444 419 omnis
454 367 563 435 eligitur
573 371 625 421 ria.
703 368 719 421 t
831 376 864 427 65

63 432 159 484 Perire
169 432 227 484 sine
239 450 282 487 me
293 450 347 486 uon
359 432 451 502 potes,
463 452 569 490 meeum
580 445 667 506 potes.

63 500 116 552 Hie
128 499 184 551 alta
194 517 276 571 rupes
288 505 373 557 uduo
384 508 470 573 surgit
480 508 559 574 iugo,

63 567 231 639 spectatque
243 573 323 641 longe
334 577 424 642 spatia
434 576 548 627 subiecti
555 578 655 641 maris3

63 644 112 697 Vis
122 643 195 695 hane
205 643 347 710 petamus?
367 643 462 697 Nudus
474 644 517 696 hie
528 647 628 712 pendet
638 648 713 701 silex.

62 716 115 767 Hie
126 715 214 765 scissa
224 712 303 764 tellus
314 711 438 765 faucibus
449 717 536 782 ruptis
547 714 619 779 hiat3
829 721 862 770 to

62 785 110 837 Vis
120 782 194 834 hano
204 781 346 848 petaprusi·
359 780 413 834 rue
423 798 510 851 rapax
519 791 626 837 torreas
638 785 725 850 eadit,

61 853 212 921 Partesque
221 850 291 918 lapsi
300 854 399 903 montis
411 857 507 905 exesas
517 860 592 904 rotat
598 871 611 916 3,

60 925 90 974 ln
100 922 174 981 hunc
183 936 303 974 mamus.
338 920 412 972 Dum
422 924 510 989 prior,
522 938 575 989 quo
585 924 640 986 ris,
653 938 701 988 eo;

59 989 458 1059 Nondepreeor‚uouhortor.
493 992 724 1059 Extinguieupis,

58 1063 230 1128 Votumque,
240 1062 361 1128 genitor,
373 1062 520 1126 maximum
531 1075 604 1111 mors
616 1068 658 1113 est
667 1060 734 1113 ubit
826 1065 859 1114 75

59 1130 88 1183 Si
97 1130 228 1193 nroreria,
239 1128 387 1193 auteced03
398 1130 421 1179 si
432 1130 513 1191 riuis,
524 1142 632 1196 sequor.

58 1200 112 1253 Sed
123 1198 333 1255 destamentem
339 1235 347 1261 ,
358 1205 456 1265 pectus
466 1199 604 1266 antiquum
615 1198 734 1262 advoca,

57 1271 206 1336 Vietesque
217 1283 316 1336 magun
325 1268 425 1320 robore
437 1283 580 1319 aerumnas
591 1266 684 1320 doma!

57 1339 177 1390 Resistet
190 1339 273 1389 tantis
283 1339 312 1387 in
322 1338 399 1388 maiis
410 1339 482 1387 rinei
491 1339 561 1388 mori
571 1343 620 1391 est.

57 1422 155 1458 oaorr.
166 1407 277 1458 Undein
287 1405 406 1456 nefanda
415 1408 552 1472 specimen
565 1407 704 1475 egregium
715 1405 812 1459 domo'i
825 1407 859 1457 Sti

56 1477 132 1528 Unde
143 1477 197 1527 ista
207 1476 301 1543 generi
306 1476 382 1542 virgo
393 1475 527 1526 dissimilis
537 1474 605 1526 suoi

55 1547 186 1607 Fortuna,
199 1542 304 1596 eredisi
325 1545 420 1612 aliquis
433 1551 474 1596 est
486 1559 521 1595 ex
531 1560 573 1596 me
584 1546 653 1611 pius.

55 1615 116 1665 Non
128 1618 202 1665 esset
211 1629 331 1680 uuquam
343 1613 413 1677 (fata
423 1614 492 1663 bene
504 1612 566 1663 nori
577 1616 666 1675 rirea),

55 1683 111 1735 Nisi
124 1690 156 1735 ut
167 1688 289 1734 noceret.
325 1683 388 1749 ipsa
399 1698 428 1732 se
439 1682 551 1748 inlegos
562 1696 646 1732 noras

54 1752 161 1804 Natura
170 1756 272 1813 vertet,
284 1756 393 1817 regerat
401 1751 429 1801 in
440 1749 544 1801 fontem
556 1751 624 1800 citus
823 1753 855 1804 85

54 1820 203 1873 Revolutus
214 1820 300 1871 undas
311 1821 410 1882 arnnis,
422 1826 450 1870 et
461 1826 569 1869 noctem
581 1817 688 1871 adferet

54 1890 184 1941 Phoebea
193 1890 311 1956 lampas,
322 1890 462 1955 Hesperus
473 1887 558 1939 faciet
569 1888 648 1940 meur.

53 1961 88 2010 Ut
98 1960 135 2011 ad
146 1960 270 2009 miserias
277 1958 377 2026 aliquid
389 1958 505 2008 accedat
513 1973 602 2020 meas,

53 2028 92 2079 Pii
105 2028 335 2096 quoque-erimus.
371 2028 457 2078 Unica
468 2027 627 2093 Oedipodae
638 2031 681 2077 est
690 2025 763 2078 salus

53 2097 112 2147 Non
122 2113 184 2149 esse
195 2096 308 2147 salvum.
343 2096 442 2146 Liceat
451 2097 544 2146 uloisei
556 2101 661 2162 patrem
821 2096 854 2143 90

52 2166 145 2216 Adhuc
153 2166 279 2217 inultum.
313 2165 431 2226 Dextra,
444 2166 507 2232 quid
517 2182 608 2217 cessas
618 2166 691 2215 iners

52 2237 167 2302 dirigere
180 2233 300 2301 poenas?
322 2235 457 2301 Quidquid
469 2241 595 2286 exactum
606 2239 649 2285 ast
659 2232 760 2294 adhue,

51 2305 134 2354 diatru'
146 2302 254 2354 dedisti.
289 2305 370 2354 Mitte
381 2305 511 2370 genitoris
522 2319 632 2354 manum

50 2374 179 2424 Animosa
189 2373 280 2440 uirgo:
292 2372 371 2424 funus
383 2373 505 2424 extendis
517 2387 621 2435 meum,

51 2440 216 2509 Longosque
227 2444 281 2493 riri
300 2443 376 2494 ducis
387 2443 515 2510 exequias
526 2443 621 2508 patris.
819 2438 852 2489 95

50 2512 200 2578 Aliquando
211 2518 287 2562 terra
297 2527 395 2578 corpus
406 2514 522 2563 invisum
532 2507 608 2577 tege!

50 2579 153 2637 Pecoas
164 2579 283 2634 honesta
291 2589 394 2646 mente;
406 2581 537 2648 pietatem
548 2594 645 2639 vocas,

49 2647 161 2733 Patrem
171 2651 337 2725 insepultum
347 2650 466 2704 trahere.
504 2650 557 2715 Qui
568 2649 643 2716 cogit
653 2652 721 2702 mori
