1860 2970
53 2676 90 2760 h

28 132 33 143 ·
67 74 71 95 ²
105 118 147 169 ee·
283 113 317 166 u.
344 111 501 166 anunm
531 111 722 166 sennenn

100 226 103 230 '
164 222 216 272 Est
226 217 294 270 alius
304 217 364 268 istis
375 220 469 268 noster
479 216 507 266 in
518 216 591 267 silvis
600 215 691 279 locus,
713 267 716 271 .

166 290 220 351 Qui
230 302 273 339 me
282 286 417 353 reposcit3
429 283 501 336 hune
511 291 604 352 petam
615 300 696 337 cursu
706 286 793 337 incito

165 357 227 408 Non
239 352 387 407 haesitabit
397 369 520 421 gressus3
531 353 584 405 hue
596 355 669 404 omni
679 355 749 405 duce

124 427 158 478 30
170 425 308 491 Spoliatus
318 423 373 474 ibo.
394 423 465 485 Quid
475 421 586 474 moror?¹
602 420 688 473 Sedes
700 438 776 475 meas

166 497 304 557 Mentem,
316 491 588 555 Cithaeron,-redde,
601 495 629 541 et
639 488 787 558 hospitium
799 489 863 543 mihi

168 563 239 615 lllud
249 577 341 613 meum
351 561 480 612 restitue:
497 567 528 610 ut
539 560 660 626 expirem
671 570 755 615 serien
761 596 770 622 ‚

167 632 220 684 Ubi
232 631 312 683 debui
322 628 423 680 inians!
445 629 536 695 recipe
548 627 709 694 supplicium
719 630 828 690 retusa

170 700 285 776 Semper
295 703 420 760 eruente,
431 711 525 760 saeve,
538 696 668 760 erudelis,
679 696 723 749 fer
741 711 772 759 x,

127 771 161 820 35
175 771 241 820 Cum
253 768 369 830 occidis,
382 771 411 819 et
422 781 482 817 eum
493 763 597 831 parciqi
619 765 690 816 Olim
700 766 728 816 ia
765 770 844 815 tuum

167 839 221 890 Est
231 835 284 889 hoe
296 835 425 887 cadaver:
438 848 539 900 perage
550 835 707 885 mandatum
719 834 819 901 patris,

168 907 228 959 lam
240 911 268 957 et
277 904 379 956 matris.
397 905 507 954 Animus
517 904 601 970 gestit
611 905 724 970 antiqua
734 903 832 970 exequi

170 974 317 1042 Supplicia.
338 973 409 1037 Quid
419 987 475 1035 me,
486 976 583 1040 gnata,
594 972 725 1076 pestifero
737 978 816 1036 tenes
872 999 876 1007 ι

168 1046 269 1095 Amore
280 1040 416 1094 vinetum?
438 1041 502 1110 quid
512 1046 604 1093 tenes.
627 1041 743 1093 Genitor
752 1046 845 1093 vocat.

125 1115 159 1164 40
172 1112 293 1180 Sequor,
304 1109 417 1177 sequor}
427 1111 482 1161 iam
492 1109 588 1177 parcel
610 1107 795 1180 Sanguineum
806 1123 905 1180 gerens

170 1181 368 1248 Insigneregni
379 1178 464 1231 Laius
476 1180 546 1246 rapti
558 1178 639 1242 furit,
895 1180 901 1190 '

167 1250 220 1311 Et,
232 1258 312 1312 ecce,
321 1249 416 1299 inanes
427 1248 552 1299 manibus
563 1248 669 1300 infestis
681 1248 751 1317 petit

167 1317 306 1384 Foditque
316 1314 421 1368 vultus!
444 1317 548 1379 Gnate,
559 1319 712 1385 genitorem
722 1315 817 1369 videst

168 1389 230 1454 Ego
241 1385 331 1438 rideo.
349 1385 473 1437 Tandem
484 1386 610 1452 spiritum
620 1387 760 1437 inimicum
771 1399 888 1454 exspue,

32 1442 34 1446 ⁵
124 1455 159 1510 45
169 1453 502 1518 Desertoraninri,for·tis
513 1456 541 1504 in
551 1459 659 1521 partem
668 1453 721 1506 tui!
807 1470 810 1476 ·

169 1526 273 1591 Omitte
283 1539 390 1593 poenae
399 1523 542 1592 languidas
553 1523 651 1590 longae
662 1538 768 1587 moras,

167 1593 344 1664 Martemque
354 1598 443 1645 totam
452 1589 579 1646 admitte!
601 1593 672 1655 Quid
683 1595 774 1660 segnis
785 1591 881 1662 traho,

169 1663 252 1725 Quod
262 1661 341 1715 drot
361 1661 470 1713 Nullum
480 1661 574 1714 iacere
583 1662 639 1712 iam
650 1677 762 1728 possum
773 1663 871 1717 secius.
883 1691 914 1704 -·

167 1732 287 1791 Possum
296 1732 391 1783 miser:
402 1730 547 1798 praedico,
559 1730 669 1783 discede
681 1747 698 1782 a
709 1738 803 1799 patre,

125 1801 160 1852 5⁰
168 1799 304 1863 Discede,
316 1801 357 1852 vir
377 1814 406 1850 o:
418 1801 502 1850 timeo
514 1805 578 1867 post
587 1805 704 1852 matrem
716 1803 815 1853 omnia.

168 1884 246 1923 nur.
266 1870 315 1922 Vis
326 1815 412 1930 nodia,
423 1870 546 1939 genitor,
557 1885 574 1921 a
584 1876 632 1921 tuo
645 1876 768 1921 nostram
778 1885 889 1924 manum

169 1934 293 2005 Corpore
304 1937 436 2002 resolvet3
447 1952 527 1989 nemo
540 1953 583 1989 me
595 1940 725 1994 comitem
736 1940 786 1990 tibi

168 2009 276 2073 Eripiet
287 2021 415 2072 unquam.
451 2005 575 2060 Labdaci
587 2007 689 2059 claram
700 2008 825 2072 domum,

170 2075 307 2142 opulenta
317 2073 391 2126 ferro
401 2089 487 2142 regna
497 2078 619 2143 germani
631 2082 740 2144 petant3
820 2101 826 2111 ·

125 2146 159 2198 55
169 2145 239 2197 Pars
249 2156 355 2195 suntme
364 2145 456 2212 magni
466 2146 552 2211 patris
564 2161 578 2197 e
590 2160 676 2214 regno
688 2161 752 2203 msa
761 2153 805 2198 est

168 2214 255 2267 Pater
262 2214 331 2279 ipse.
366 2211 428 2265 Non
440 2212 512 2268 hunc
523 2213 630 2266 auferet
642 2214 729 2266 frater
738 2213 821 2278 mibi,

165 2281 305 2335 ,Thebana
314 2287 395 2350 rapto
406 2289 518 2350 sceptra
529 2285 574 2352 qui
583 2296 669 2350 regno
679 2290 771 2349 tenet3

168 2350 233 2403 Non
244 2349 315 2403 hune
328 2358 452 2403 catervas
465 2351 535 2404 alter
544 2353 684 2419 Argolicas
696 2353 793 2422 agens!

170 2419 233 2472 Non
244 2422 267 2472 si
277 2421 385 2474 revulso
396 2421 501 2487 iupiter
509 2423 611 2473 mundo
624 2427 710 2485 tonet,
870 2481 872 2486 ,

128 2490 162 2541 dd
174 2489 348 2556 Mediumque
358 2496 467 2541 nostros
477 2487 580 2540 frrlmen
590 2491 617 2540 in
628 2506 714 2542 nexus
726 2491 823 2558 cadat,

171 2559 285 2609 bianum
296 2557 366 2609 hanc
377 2557 527 2610 remittam!
539 2557 700 2624 Prohibe-as,
710 2562 829 2629 genitor,
841 2562 918 2615 lieet:

172 2627 275 2695 Regem
288 2626 466 2692 abnuentem,
478 2627 589 2695 diligam
599 2629 712 2682 inuitum
723 2638 840 2697 patrem.
891 2674 894 2680 .
