1860 2970
40 201 63 221 „
103 161 167 210 soe·
297 155 330 206 n.
358 153 516 208 anunm
544 150 736 207 sansone

113 318 118 322 ,
167 264 190 314 Ε
203 269 291 323 turre,
301 260 385 325 lapsis
396 258 455 309 sola
466 272 535 325 quae
544 259 628 309 musis
638 265 741 311 manet.
861 318 866 325 ἢ

167 345 267 382 sunm
285 329 332 381 Me
342 327 420 396 liquit
429 328 546 391 animus3
558 327 680 448 mlembra
690 330 862 394 quatiuntur,
871 331 903 380 la·

599 403 654 458 ant,

77 501 80 505 -
171 463 677 535 Torpetquevinctusfrigidosanguis
686 465 766 532 gelu:

172 551 189 586 u
196 550 223 587 n.
234 535 385 587 Intremuit:
392 533 453 597 hac,
460 533 511 585 hac
517 540 596 601 perte
602 534 790 601 quaerendum
795 544 837 590 est
842 539 902 590 niti.

112 606 163 658 630
173 605 292 658 Matrem
301 605 385 656 timor
396 603 512 655 detexit:
523 603 630 655 iterabo
641 609 755 655 metum.

172 675 228 738 lte,
238 676 291 737 ite,
303 673 419 734 celeres,
430 671 527 724 fraude
537 678 661 723 materna
672 672 796 725 abditum

173 744 290 795 Hostem
300 740 408 808 Pelasgi
418 742 547 802 nominis,
557 744 663 806 pestem
673 741 808 806 ultimam,

173 812 332 878 Ubicunque
342 809 442 872 latitat,
454 815 559 861 erutum
568 810 597 859 in
607 809 728 860 medium
739 812 818 865 date!

174 882 250 934 Bene
261 885 315 932 est:
327 882 445 929 tenetur.
480 877 568 945 Perge
577 877 709 941 ,·festina,
721 880 843 934 attrahet
855 912 883 922 -

113 948 167 1004 635
179 949 249 1013 Quid
259 947 373 1013 respicis
384 945 576 1014 trepidasquel
595 948 655 999 lam
667 954 743 1001 certe
755 954 834 1016 perit

175 1033 241 1071 sun
249 1032 276 1069 n.
287 1016 398 1068 Utinam
407 1015 544 1069 timerem!
556 1014 658 1068 Solitus
669 1031 703 1071 ex
713 1018 797 1088 longo
809 1029 850 1073 est
858 1037 905 1072 me·

587 1092 639 1138 tus.
749 1133 751 1137 ,

176 1156 300 1209 Dediscit
310 1155 414 1206 animus
425 1168 501 1218 sero,
512 1155 584 1222 quod
613 1155 687 1207 ‘ucis
699 1156 753 1207 diu.

176 1240 228 1276 un.
246 1223 373 1276 Lustrale
384 1226 510 1292 quonism
522 1224 584 1276 debi
617 1239 643 1274 m
653 1227 737 1277 muris
747 1240 817 1292 puer

178 1293 290 1345 Sacrum
302 1295 463 1357 antecessit,
475 1308 525 1345 nec
535 1298 628 1359 potest
638 1298 727 1344 vatem
739 1300 825 1362 sequi,

117 1364 168 1416 64⁰
179 1364 293 1415 Meliore
303 1360 362 1413 fato
373 1368 481 1429 raptus:
492 1360 546 1413 hoc
558 1360 670 1414 Calchas
682 1365 721 1412 ait

178 1433 264 1485 Modo
276 1433 344 1498 piari
355 1446 435 1497 posse
445 1431 580 1482 redituras
590 1439 673 1493 rates,

181 1501 209 1552 Si
222 1502 312 1569 placet
322 1500 408 1551 undas
418 1502 547 1552 Hectoris
558 1502 645 1567 sparsi
656 1501 732 1562 cinis,

179 1574 213 1622 nt
223 1569 341 1620 tumulus
352 1571 406 1621 imo
418 1573 492 1620 totus
504 1577 635 1636 aequetur
646 1570 713 1620 solo.

179 1640 257 1692 Nunc
267 1639 448 1760 Quoniam
460 1639 583 1690 debitam·
591 1638 686 1705 effugit
695 1654 800 1701 necem,

120 1711 170 1762 645
184 1711 245 1760 Erit
258 1725 274 1760 a
339 1709 426 1759 venda
437 1709 545 1760 sedibus
556 1709 639 1759 sacris
652 1720 758 1759 triatrus.

181 1792 281 1830 sunu.
300 1777 371 1841 Quid
384 1776 504 1846 agimusl
523 1779 640 1829 animum
652 1776 787 1843 ⁴distrahit
802 1781 910 1847 gemtum

592 1848 686 1897 timor:

181 1919 253 1968 Hinc
263 1923 356 1979 natus,
367 1917 439 1967 illinc
452 1917 573 1984 coniugis
585 1918 642 1966 cari
653 1918 728 1967 cirris,

182 1987 250 2036 Pars
260 1992 323 2035 utro
334 1984 441 2038 vinceti
463 1986 564 2037 Testor
574 1986 692 2036 immites
704 1985 781 2049 deos,

180 2055 309 2121 Deosque
321 2070 414 2117 veros,
426 2056 547 2122 coniugis
559 2070 650 2105 nranes
661 2056 724 2116 mei,

122 2125 173 2175 650
185 2123 247 2174 Non
259 2123 344 2188 aliud,
356 2125 475 2187 Hector,
485 2125 512 2173 in
524 2139 585 2175 meo
596 2129 679 2190 gnato
690 2123 756 2174 mihi

108 2200 118 2209 ”
181 2193 311 2256 Placere,
323 2209 403 2261 quam
415 2193 455 2246 tel
477 2193 572 2255 Vivat,
584 2198 615 2242 ut
625 2194 713 2259 possit
724 2199 788 2245 tuos

180 2260 295 2314 Referre
305 2263 403 2314 tultus.
439 2262 570 2313 Prorutus
580 2261 684 2313 tumulo
698 2263 764 2313 cinis

156 2334 159 2340 '
182 2331 415 2398 Mer-getartossa
425 2325 653 2397 fluctibus'spargi
665 2331 752 2380 sinam

182 2401 306 2451 Disiecta
316 2399 417 2453 vostist
438 2400 534 2451 Potius
544 2399 588 2450 hic
599 2404 715 2449 mortem
729 2409 849 2468 oppetat.
861 2429 890 2440 -

125 2470 175 2520 655
186 2470 294 2520 Poteris
305 2468 439 2521 nefandae
450 2469 570 2519 deditum
582 2473 669 2519 mater
680 2470 741 2519 neci

183 2536 302 2588 videret
323 2540 425 2606 poteris
437 2538 509 2588 celsa
519 2552 567 2604 per
578 2537 690 2603 fastigia

184 2607 299 2657 Missum
309 2606 412 2659 notarit
430 2607 533 2658 Potero
540 2642 547 2667 ‚
559 2609 700 2673 perpetiar
707 2643 714 2668 ‚
725 2605 822 2668 feram,

185 2676 257 2726 Dum
270 2691 323 2730 non
335 2693 410 2731 nneus
422 2683 485 2745 post
496 2675 555 2726 fata
564 2676 674 2729 iic-toris
686 2691 768 2728 manu

533 2846 543 2873 q
