1860 2970
71 147 103 207 ro
256 116 301 192 ἰ.
328 137 483 192 auram
512 137 702 192 sennenn

129 259 201 297 arc.
222 241 489 310 coniugioquoniam
506 242 634 308 pervicax
646 248 741 292 nostra
756 245 817 295 abm

128 315 284 380 Regemque
295 317 394 362 terres=
407 315 516 374 sceptra
526 309 590 377 quid
601 312 717 376 possint,
728 314 808 363 scios.

129 381 315 446 Complectere
327 393 400 430 aras:
411 379 499 428 nullus
510 379 607 443 eripiet
618 378 684 428 deus

128 452 170 502 Te
181 446 259 512 mihi3
271 462 335 510 nec,
346 447 412 498 orbe
423 449 446 497 si
455 446 580 496 remolito
592 452 674 521 queat

70 519 120 570 505
130 518 170 569 Ad
180 516 280 583 supera
288 517 375 566 vietor
385 516 506 576 numina,
517 515 636 574 Alcides,
648 513 718 565 vehi.

130 582 377 654 congeritesilras!
388 584 490 649 templa
500 582 665 650 supplicibus
677 586 733 634 suis
812 600 815 605 ¹

128 656 233 706 Iniecta
241 651 369 719 flagrent!
381 653 521 716 coniugem
533 659 561 701 et
571 656 658 701 totum
670 666 782 719 gregem

129 725 278 774 consumat
286 736 355 772 unus
365 721 432 786 igne·
438 719 561 770 subiecto
573 719 669 786 rogus!

129 805 225 841 nuru.
243 790 306 841 Hoc
314 804 411 838 munus
422 802 438 838 a
449 793 490 849 te,
501 789 610 855 genitor
619 788 815 856 Alcidae,peto

70 859 121 913 510
131 859 239 926 Rogare
250 857 322 924 quod
333 871 377 906 mc
388 855 498 905 deceat:
509 860 541 905 ut
550 857 652 921 primus
665 856 768 907 cadam.

129 941 202 978 nrc.
223 927 274 987 Qui
289 931 378 975 morte
394 929 507 975 cunctos
521 924 596 975 luere
607 924 769 990 supplicium
783 926 817 976 iui

130 996 224 1047 Nescit
234 1003 364 1060 tyrannus
376 1007 443 1045 esse.
461 993 577 1043 Diversa
586 994 695 1059 inrogat

130 1065 260 1115 Miserum
270 1068 333 1112 veta
344 1063 448 1127 perire,
460 1061 567 1112 felicem
577 1061 648 1112 iube.

129 1134 204 1198 Ego,
214 1132 277 1181 dum
290 1131 441 1180 cremandis
452 1130 574 1180 trabibus
586 1129 721 1180 adcrescit
731 1146 815 1200 rogus

70 1199 120 1251 515
134 1199 219 1250 Sacro
229 1203 370 1264 regentem
379 1199 466 1248 maria
475 1199 567 1248 votivo
580 1197 675 1248 colam.

129 1280 216 1319 surrr.
234 1264 496 1318 Prohnuminumvis
507 1281 619 1327 summa,
630 1264 699 1332 proh
711 1269 817 1321 coelest:

129 1336 232 1402 Rector
240 1349 406 1401 parensque,
418 1337 493 1385 ouius
505 1337 624 1386 excussis
635 1339 756 1387 tremunt

131 1405 258 1456 Humana
266 1403 341 1464 telis,
351 1403 462 1467 impiam
472 1403 607 1468 regisferi

132 1475 279 1538 Compesce
290 1468 425 1523 dextram!
437 1500 470 1508 -
484 1472 553 1531 Quid
564 1472 630 1522 deos
640 1470 742 1522 frustra
753 1488 817 1539 pree

71 1543 123 1592 52⁰
133 1541 290 1608 Ubicunque
302 1554 344 1602 es,
356 1539 432 1600 audi,
443 1538 537 1604 gnate!
549 1567 581 1577 —
603 1542 656 1591 Cur
670 1541 760 1593 subito
777 1544 817 1595 lab

131 1611 240 1677 Agitata
250 1608 325 1660 mo'tu
335 1606 457 1674 templa?
468 1623 516 1657 cur
525 1609 612 1674 mugit
622 1608 727 1663 solumi

131 1677 254 1728 infernus
265 1679 319 1729 imo
330 1678 420 1728 tonuit
431 1691 446 1727 e
457 1675 541 1728 fundo
553 1671 654 1744 fragor.

133 1746 271 1798 dudimur:
283 1752 339 1808 cst,
350 1753 392 1798 cst
402 1748 507 1798 sonitus
517 1746 645 1798 Herculei
656 1746 770 1815 gradus!

179 1928 363 1975 UHORUS
393 1929 736 1978 THEBANORUM.

126 2024 218 2068 Actoris
229 2031 309 2080 parter
324 2022 409 2068 chorus
424 2023 564 2083 officr'mnque
573 2028 672 2072 viriliter
682 2028 796 2085 defendit,
813 2077 817 2086 ¹

6 2102 10 2115 ι
73 2080 133 2123 cibus
146 2079 320 2137 Amphitryonis
336 2081 459 2135 arbpiram
472 2080 575 2127 Herculis
589 2085 689 2128 reditum
701 2093 781 2137 vovet,
805 2089 817 2128 i

73 2134 153 2190 arguit
164 2133 248 2192 Orphei
257 2136 367 2192 exemplo.

133 2226 156 2275 0
168 2223 279 2278 fortuna
287 2227 350 2279 viris
360 2229 451 2280 invida
460 2226 590 2292 fortibus,

73 2293 123 2344 525
135 2294 223 2363 quam
231 2309 285 2343 non
297 2309 384 2363 aequa
393 2298 471 2349 bonis
482 2301 603 2365 praemia
613 2298 720 2350 dividis!

45 2428 47 2433 y
133 2361 327 2427 „Eurystheus
338 2364 417 2418 facile
428 2372 523 2433 regnet
533 2368 559 2417 in
571 2369 642 2431 oti03

134 2466 152 2493 ,‚
158 2429 285 2482 Alcmena
294 2436 400 2498 genitus
410 2435 482 2486 bella
491 2451 541 2500 per
552 2437 643 2487 omnia

134 2498 287 2560 „Monstris
298 2503 419 2569 exagitet
428 2503 584 2555 cocliferam
594 2519 716 2556 manum:

134 2564 296 2634 „Serpentis
305 2577 411 2623 resecet
422 2571 491 2621 colla
500 2571 617 2636 ferecia3

74 2632 127 2697 520
136 2637 289 2705 „Deceptis
300 2638 402 2690 referat
410 2639 482 2691 nrala
492 2642 643 2704 sororibus,
733 2672 736 2677 ·
