1860 2970
124 194 411 249 HIPPOLYTUS.
447 196 535 248 AcT.
554 196 592 246 ΙΙ.

38 301 117 352 bilem
129 302 246 351 animum
255 305 354 368 vegeta
365 299 476 352 libertas
486 300 544 351 alit.

38 371 141 429 ulentus
153 375 182 422 et
190 370 315 423 silvester
325 375 354 421 et
362 371 434 420 vitae
444 369 556 431 inscius,

38 440 226 491 emimentem
236 438 343 490 Venere
355 437 465 489 deserta
474 437 548 488 eolis.
625 440 635 449 '

38 522 92 560 ease
104 523 200 558 munus
213 507 299 559 credis
308 507 439 557 indictum
449 508 522 569 viris,

38 591 75 627 ua
84 576 215 637 tolerent,
228 576 350 626 cursibus
361 576 495 626 domitent
506 587 600 641 equos,
706 575 757 625 465

38 659 89 695 eva
98 643 170 695 bella
179 645 269 694 Marte
280 646 428 711 sanguineo
440 641 553 711 geranti

38 712 84 763 idit
92 712 137 762 ille
147 712 381 763 maximus'mundi
391 728 500 787 parens,

38 787 94 831 tam
105 795 219 846 rapaces
231 788 355 832 cerneret
364 782 427 831 Fati
437 796 541 841 manus,

38 865 106 900 mina
117 864 224 915 semper
233 851 328 900 sobole
340 858 480 915 repararet
491 865 569 899 nava.

38 917 97 980 dat,
110 918 238 985 agedum,
249 920 330 969 rebus
341 917 465 968 humanis
476 918 579 980 Venus,

49 987 156 1052 supplet
167 1001 199 1036 ae
210 989 330 1038 restituit
341 986 503 1038 exhaustum
514 994 612 1054 genus:

38 1071 40 1101 ι
50 1055 152 1106 iacebit
161 1057 283 1121 squalido
295 1057 381 1120 turpis
392 1057 458 1118 situ3

38 1138 84 1173 um
94 1124 151 1173 eine
161 1124 222 1174 ullis
234 1124 365 1173 elassibus
376 1125 460 1174 stabit
469 1138 558 1186 mare;

38 1206 74 1257 ue
84 1191 161 1241 coelo
174 1192 273 1253 deerit,
286 1198 313 1242 et
323 1192 395 1243 silvis
406 1192 473 1254 fera,

41 1265 70 1310 et
80 1263 128 1309 ae'r
138 1262 246 1326 pervius
256 1262 344 1311 ventis
356 1263 416 1311 erit.
705 1261 756 1311 475

38 1329 132 1378 traria
141 1328 188 1379 leti
199 1343 300 1395 genera
309 1331 451 1380 mortalem
462 1328 574 1380 trahunt

38 1401 132 1463 mtque
144 1398 264 1460 turbam,
276 1405 388 1464 pontus,
401 1405 428 1448 et
438 1399 553 1460 ferrum,
565 1403 594 1449 et
603 1397 669 1450 do¹³¹

38 1470 83 1515 ata
94 1465 189 1516 eredas
201 1466 307 1518 deesse:
319 1469 358 1518 sie
370 1474 455 1517 atram
468 1466 556 1532 Styga

38 1535 143 1585 retimus
153 1535 234 1585 ultro.
270 1536 408 1586 Coelibem
417 1537 500 1585 vitam
512 1534 611 1600 probet

38 1602 64 1654 is
73 1602 210 1654 iuventus:
222 1602 276 1655 hoe
286 1606 350 1668 erit,
362 1603 490 1671 quidquid
500 1603 589 1663 rides,
706 1604 756 1651 480

38 1688 43 1721 ι
56 1672 115 1721 aevi
126 1672 219 1734 turba,
231 1675 295 1723 etin
307 1679 394 1723 semet
403 1678 472 1722 ruet.

38 1740 76 1790 ide
88 1741 159 1790 uitae
170 1755 283 1808 sequere
294 1741 427 1790 Naturam
437 1740 547 1789 ducem:
641 1762 644 1769 ¹

38 1825 59 1857 m
70 1806 226 1874 frequenta,
239 1811 336 1859 civium
349 1814 444 1860 coetus
456 1807 523 1858 eule.

38 1893 50 1926 ³.
62 1875 124 1926 Non
135 1877 188 1927 aiia
198 1880 284 1944 magis
296 1884 337 1929 est
348 1879 433 1927 libera
443 1882 471 1928 et
479 1877 545 1926 vitio
557 1889 660 1938 carena,
733 1894 736 1899 ·

38 1946 455 2013 quemeliusvitaquuepiisces
468 1946 548 2006 eolat,
704 1947 754 1998 4⁴35

38 2030 47 2062 ι
60 2029 128 2079 quae
137 2015 240 2066 relictis
250 2017 391 2066 moenibus
402 2015 482 2065 silvae
493 2018 575 2064 amat.

38 2082 104 2131 llum
115 2097 213 2133 avarae
223 2086 321 2135 mentis
330 2083 481 2135 inflammat
491 2083 576 2144 furor,

38 2165 52 2200 e
65 2149 166 2201 dicavit
176 2154 307 2202 mentium
316 2154 451 2204 insontem
461 2153 544 2218 iug'm3

38 2234 98 2269 iura
108 2221 201 2284 populi
212 2226 240 2270 et
250 2222 345 2288 vulgus
355 2222 467 2271 infidum
475 2221 564 2282 bunis,

38 2289 158 2339 ›estilens
168 2290 281 2351 inuidia,
300 2306 353 2340 non
364 2290 467 2356 fragilis
478 2289 564 2339 favor.
703 2289 753 2337 400

38 2357 73 2407 lle
84 2372 168 2423 regno
180 2361 275 2420 servit,
287 2365 347 2421 aut,
358 2374 442 2425 regne
452 2359 603 2416 imminens,

38 2443 50 2477 s
61 2425 179 2476 honores
191 2430 323 2493 sequitur,
335 2435 382 2478 aut
392 2427 478 2477 fluxas
490 2441 556 2490 opes

38 2502 174 2561 metusque
185 2497 261 2547 liber.
296 2497 378 2546 Haud
387 2497 461 2546 ilium
473 2497 549 2560 niger

38 2579 87 2630 que
97 2564 183 2614 Livor
194 2565 273 2615 dente
285 2564 410 2632 degeneri
421 2565 502 2630 petit3

39 2633 130 2683 celera
140 2634 255 2698 populos
265 2635 336 2683 inter
348 2641 427 2700 atque
438 2632 519 2682 urbes
530 2620 584 2679 siti
704 2631 754 2679 495

43 2719 50 2766 ;
63 2717 115 2754 nee
126 2716 219 2753 omnes
230 2703 354 2754 conscius
366 2702 494 2770 strepitus
506 2702 597 2768 earet,
