1860 2970
213 88 442 171 flascones
468 120 642 175 sonans.
677 128 763 178 ior.
783 128 830 179 ιιι.
888 130 921 179 ιι

124 223 185 274 Huc
196 237 269 273 nunc
280 227 309 272 et
318 222 381 273 illuc
390 223 503 274 verbere
513 223 626 276 adsiduo
636 234 724 292 rotat,

123 292 275 359 ingeminat
285 291 364 341 ictus.
381 289 508 343 Domitus
519 292 628 360 infregit
637 298 724 349 minas

123 362 157 411 Et
168 365 270 410 cuncta
280 358 366 409 lassus
378 360 469 424 capita
479 361 602 410 submisit
612 365 701 427 canis,

122 431 262 494 Antioque
274 433 334 477 toto
347 429 436 477 cessit.
455 429 589 479 Extimuit
599 431 695 484 sedens

123 500 242 564 Uterque
254 495 324 546 solio
337 495 474 558 dominus,
486 504 514 547 et
524 496 586 547 duci
595 499 685 565 iubet3
871 502 920 551 soi

120 567 165 617 llic
177 580 289 633 quoque
301 565 405 629 petenti
414 579 512 615 munus
522 565 631 618 Alcidae
644 568 726 620 dedit.

121 635 202 684 'ilinc
210 633 307 700 gravia
317 633 432 683 monstri
443 633 513 683 colla
522 635 693 698 permulcens
703 653 784 688 manu

13 730 40 777 g..
120 702 271 752 Adamante
282 706 359 751 texto
370 701 463 751 vinxit.
482 702 588 753 Oblitus
599 705 641 755 sui

121 773 220 822 Custos
232 769 311 834 opaci
322 769 434 834 peruigil
444 772 521 837 regni
532 772 607 821 canis

120 839 267 904 Componit
277 852 356 887 aures
366 837 487 900 timidus,
499 843 528 888 et
538 840 644 904 potiens
654 839 723 891 trahi
730 878 738 903 ,
869 844 918 891 Sit)

118 909 277 972 liciumque
288 905 390 967 lassus,
402 920 449 957 ore
459 907 592 957 submisso
602 909 766 976 obsequens,

118 979 269 1041 Utrumque
281 972 368 1023 cauda
379 974 469 1039 pulsat
480 975 622 1040 anguifera
632 977 712 1027 latus.

118 1045 271 1109 Postquam
283 1047 324 1092 est
336 1041 370 1091 ad
383 1056 445 1091 oras
457 1043 575 1092 Taenari
587 1051 710 1109 rentum,
721 1055 749 1098 et
759 1050 832 1098 nitor·

118 1111 259 1164 Percussit
269 1109 363 1160 oculos
372 1109 439 1161 lucis
450 1112 562 1178 ignotae
572 1112 657 1175 bono,

116 1181 241 1232 Resumit
249 1179 353 1229 animos
363 1179 481 1242 vinctus3
495 1185 523 1231 et
532 1186 622 1233 vastas
632 1180 726 1235 furens
865 1185 914 1232 isli

118 1251 238 1311 Quassat
248 1253 372 1311 catenas3
383 1263 451 1314 pene
462 1249 594 1302 victorem
604 1251 731 1314 abstrdit,

115 1318 291 1385 Pronumque
300 1321 375 1367 retro
385 1319 459 1368 vexit
469 1323 497 1369 et
507 1319 592 1369 morit
601 1320 696 1386 gradu.

116 1388 194 1436 Tunc
204 1391 234 1437 et
243 1400 318 1436 meas
329 1386 449 1451 respexit
459 1387 564 1438 Alcides
575 1402 682 1439 manus:

118 1455 238 1507 Geminis
248 1460 363 1520 uterquc
373 1455 473 1505 viribus
484 1460 601 1506 tractum
612 1472 721 1520 canem,

115 1526 158 1576 lra
167 1524 306 1574 furentem
316 1528 344 1572 et
353 1522 425 1574 bella
435 1529 585 1576 tentantem
596 1526 689 1588 initu,
865 1529 915 1577 tio

62 1604 65 1619 ¹
116 1593 257 1644 intulimus
268 1591 335 1640 orbi.
354 1590 430 1641 Vidit
440 1592 722 1659 utclarumaethera‚

116 1662 149 1711 Et
160 1674 232 1727 pura
244 1659 320 1709 nitidi
330 1660 419 1725 sputis
430 1663 572 1727 conspexit
582 1662 651 1728 poli,

116 1728 237 1794 [Oborta
248 1741 303 1777 nox
314 1732 370 1789 est,
380 1726 481 1778 lumina
490 1731 518 1779 in
529 1735 631 1780 terram
643 1728 749 1795 dedit‚]

115 1797 282 1864 Compressit
292 1794 385 1846 oculos
397 1802 425 1848 et
436 1797 507 1847 diem
517 1799 632 1848 invisum
644 1798 747 1863 expulit

115 1867 259 1933 ,iciemque
269 1871 343 1915 rotro
354 1863 443 1927 flexit,
455 1872 537 1933 atque
548 1868 618 1918 omni
629 1868 698 1934 petit
861 1870 913 1919 825

116 1935 224 1985 Cortice
234 1940 335 1985 terram
341 1950 349 1999 ;
360 1937 419 1991 tum
429 1934 479 1986 sul>
490 1936 626 1988 Herculea
637 1941 719 2003 caput

62 2008 73 2025 ³
115 2001 261 2056 Abscondit
270 2002 375 2053 umbra.

376 2066 471 2123 Densa
481 2072 530 2123 sed
540 2072 611 2125 laeto
623 2074 697 2126 venit

116 2139 237 2191 Clamore
249 2139 342 2199 turba,
353 2137 490 2191 frontibus
501 2141 607 2193 laurum
618 2159 729 2211 gerens,

116 2205 258 2276 Magnique
269 2209 380 2260 meritas
389 2209 516 2261 llerculis
527 2211 619 2264 laudes
630 2214 709 2265 cauit.

251 2376 428 2424 clientis
451 2376 775 2423 THEBANORUM.

167 2473 254 2517 chono
264 2471 366 2518 Herculis
375 2473 497 2518 uictoriam
504 2487 534 2516 ex
543 2470 623 2530 inferis
632 2480 776 2531 reportatam
793 2475 866 2524 (sinii,
886 2482 906 2516 ει

119 2535 195 2573 ceteras
205 2527 268 2573 illiso
279 2530 356 2574 lasau
365 2532 479 2574 admiscet.

83 2672 88 2681 Ι
120 2615 196 2672 Natus
205 2618 379 2687 Eurystheus
390 2624 553 2686 properante
563 2626 643 2687 partu
858 2618 912 2671 dil
