1860 2970
142 119 192 168 ns
344 113 378 163 c.
396 111 552 179 sunam
570 110 761 179 sannone

203 232 294 270 uree.
312 217 412 268 Procul
421 215 573 282 impudicos
584 229 728 281 corporea
741 224 820 269 casto
832 233 908 270 amos

143 290 193 340 '1⁰5
205 287 322 338 Tactus!
342 286 414 347 Quid
425 284 477 335 hoc
488 283 545 336 estt
558 286 640 335 etiam
650 287 678 335 in
688 285 831 352 amplexus
842 288 908 338 ruiti

203 356 359 422 stringatur
368 356 453 405 emis:
464 354 563 404 merita
572 354 706 420 supplicia
717 356 819 422 exigat.

202 427 259 487 En,
268 422 433 489 impudicum
444 424 518 472 crine
529 427 656 473 contorto
670 429 753 489 caput

202 493 297 544 Laeva
305 491 413 544 reflexi:
424 493 521 541 iustior
531 506 668 558 nunquam
677 489 747 541 loeis

201 563 290 613 Datus
301 563 355 611 tuis
365 566 408 611 est
419 561 544 626 sanguis,
553 561 707 611 arcitenens
717 559 782 610 dea!

142 632 193 683 illl
206 645 257 682 nn.
275 629 440 697 Hippolyte,
450 644 522 679 nuno
532 643 577 678 me
588 633 744 694 compotem
753 629 811 678 soti
824 626 907 679 facis:

202 699 288 749 Sanas
299 697 443 748 furentem.
476 697 568 747 Maiam
579 695 632 747 hoc
642 702 708 746 voto
719 711 781 746 meo
793 703 847 758 est,

201 767 282 818 Salvo
293 772 325 816 ut
335 767 439 833 pudore
449 766 573 816 manibus
583 758 722 815 im‘rnorim·
731 766 794 815 tuis.

202 851 292 887 nire.
312 833 446 886 Abscede!
466 836 539 884 vive:
550 848 584 884 ne
596 833 659 900 quid
670 848 783 897 exores3
794 832 880 886 ethic

203 908 351 957 contactus
362 903 433 954 ensis
445 901 555 952 deserat
566 907 672 952 castum
681 901 767 952 latus!

142 974 193 1024 715
205 975 272 1034 Quis
284 973 357 1023 eluet
366 987 409 1021 me
422 969 542 1021 Tanaisl
563 977 611 1022 aut
622 985 691 1037 quae
701 970 827 1022 barbaris

203 1043 320 1092 Maeotis
330 1040 408 1090 undis
418 1040 535 1090 Pontico
545 1039 703 1090 incumbens
714 1038 799 1089 mari?

201 1110 329 1177 Nonipse
337 1114 398 1160 toto
410 1124 525 1176 magnus
537 1109 647 1160 Oceano
658 1115 738 1175 pater

203 1181 322 1228 Tantum
333 1178 449 1244 expiarit
460 1178 579 1228 sceleris.
617 1178 640 1227 0
652 1175 747 1228 silvae!
771 1191 788 1226 o
798 1176 888 1229 ferae!

203 1260 253 1297 en.
276 1247 419 1313 Deprensa
427 1247 509 1314 culpa
518 1252 574 1309 est,
585 1245 686 1297 anime!
703 1275 736 1284 -
751 1260 855 1297 nunu.
874 1248 908 1309 Qu

526 1317 617 1383 segnis
627 1313 737 1381 stupesl

141 1387 193 1436 72⁰
201 1384 369 1452 Regeramus
378 1384 431 1449 ipsi
439 1384 555 1445 crimen,
565 1389 648 1450 atque
658 1384 730 1434 ultro
741 1385 852 1450 impiam

201 1452 339 1504 Venerem
347 1465 502 1518 arguamus.
519 1449 628 1502 Scelere
639 1452 782 1504 velandum
793 1458 836 1502 est
847 1453 908 1504 scell

202 1523 380 1573 Tutissimum
392 1524 435 1570 est
443 1519 559 1582 inferre,
570 1536 631 1570 cum
641 1523 753 1584 timeas,
763 1522 889 1589 gradum.

200 1594 288 1641 Ausae
298 1591 404 1657 priores
414 1590 497 1638 aimus
503 1625 511 1651 ,
523 1604 558 1638 an
567 1604 664 1655 passae
676 1589 763 1652 nefas,

202 1659 315 1711 Secreta
326 1674 386 1709 cum
397 1659 434 1708 sit
444 1657 536 1722 eulpa,
548 1659 607 1723 quis
619 1661 696 1710 testis
707 1658 793 1710 scietl
836 1680 841 1689 ·

141 1727 192 1777 725
203 1728 315 1790 Adeste,
327 1724 460 1778 Athenae!
482 1727 538 1776 fido
548 1724 711 1777 famulorum
721 1743 827 1789 manus,

199 1797 253 1848 Fer
265 1794 356 1863 opeml
377 1794 487 1845 nefandi
497 1800 594 1861 raptor
603 1797 771 1863 Hippolytus
782 1797 869 1862 stupn·

199 1866 300 1927 Instat,
312 1865 478 1930 premitque3
489 1865 585 1915 mortis
595 1867 712 1916 intentat
722 1872 839 1928 metum3

198 1933 284 1984 Ferro
295 1933 420 1999 pudicam
431 1931 529 1984 terret!
552 1935 607 1996 En,
617 1949 749 2002 praeceps
761 1934 827 1995 abit,

199 2002 352 2068 Ensemque
363 2000 470 2067 trepida
479 2001 557 2068 liquit
568 2006 700 2054 attonitus
711 2002 790 2071 fuga!

139 2066 190 2118 tao
199 2069 301 2137 Pignus
311 2076 433 2120 tenemus
444 2069 562 2122 sceleris.
598 2073 677 2122 Hanc
688 2078 823 2123 moestam
835 2073 908 2138 prius

199 2136 345 2188 Recreatel
359 2139 444 2188 Crinis
455 2143 560 2190 tractus
572 2147 599 2191 et
608 2141 717 2191 lacerae
729 2155 839 2200 comae,

198 2207 236 2256 Ut
245 2212 316 2269 sunt,
328 2212 499 2270 remaneant,
510 2207 640 2260 facinoris
650 2211 720 2260 tanti
730 2214 823 2260 notae.

200 2274 323 2326 Perferte
332 2276 361 2326 in
370 2275 477 2326 urbem!
489 2304 521 2313 —
533 2277 634 2344 Recipe
644 2280 698 2329 iam
710 2292 820 2338 sensus,
831 2274 908 2327 hera!

199 2343 270 2404 Quid
279 2349 307 2396 te
317 2345 378 2408 ipen
388 2344 511 2395 lacerans
522 2348 640 2396 omnium
652 2346 797 2411 adspectus
807 2342 896 2413 fugis?

136 2410 189 2463 'iii
199 2412 279 2463 lllens
287 2411 451 2478 impudicum
462 2411 568 2478 lacere,
579 2429 633 2466 non
646 2429 739 2476 casus,
753 2414 826 2465 solet
