1860 2970
51 142 102 195 sla
251 133 284 188 h.
301 129 459 192 ANNaul
478 126 675 184 SENECAE

219 431 395 500 ACTUS
435 431 686 500 TERTIUS.

224 601 468 662 DEIANIRA,
489 599 675 649 clionee.

109 735 252 787 Deianiram,
260 737 364 793 periculo
374 733 455 778 veneni
465 737 498 778 ad
507 735 578 778 solem
587 733 693 792 expositi
701 736 843 793 flmnmasqut

52 793 199 850 concipientis
202 791 287 848 facto,
299 789 389 834 consilii
396 789 547 846 ruipoaenitct·
578 803 581 809 ·

112 933 132 970 o
141 929 228 967 nisu.
240 882 351 983 Vagus
362 929 412 982 per
423 919 498 967 artus
509 919 583 966 errat
594 928 729 970 excussos
739 921 845 977 tremum

114 987 229 1037 Erectus
239 982 334 1035 horret
345 985 439 1048 oriuis3
450 983 571 1052 impulsis
582 982 674 1036 adhuc

114 1054 176 1106 Stat
186 1059 275 1104 terror
285 1054 396 1116 animis,
408 1059 436 1105 et
446 1068 495 1104 eor
505 1053 652 1104 attonitum
662 1052 738 1118 salit,

54 1126 105 1177 'lto
114 1123 298 1188 Pavidumque
308 1122 421 1189 trepidis
432 1122 547 1190 palpitat
556 1123 632 1173 venis
641 1123 730 1174 iecur.

115 1193 151 1242 Ut
160 1190 263 1240 fractus
273 1191 372 1241 Austro
385 1196 484 1257 pontus
495 1192 641 1243 etiamnum
651 1196 752 1257 tumet,

114 1259 243 1322 Quamvis
255 1260 378 1325 quiescat
387 1259 520 1327 languidis
529 1260 618 1311 ventis
629 1259 702 1312 diest

112 1328 157 1380 lta
166 1342 241 1380 mens
253 1325 342 1378 adhue
351 1334 468 1380 vexatur
477 1343 591 1380 excusso
601 1334 687 1380 metu.

115 1396 205 1449 Semel
214 1395 340 1464 proiecto
352 1405 475 1464 premere
488 1396 582 1449 felices
594 1397 662 1448 deus

55 1465 106 1519 115
118 1468 185 1518 Cum
196 1467 299 1532 coepit,
311 1472 404 1534 urget3
415 1465 465 1518 hos
475 1465 577 1518 habent
585 1481 688 1534 magna
698 1468 797 1518 exitus

118 1549 160 1588 ou
168 1549 216 1588 on.
228 1537 294 1600 Quis
306 1541 362 1587 tam
373 1537 520 1604 impotens,
533 1551 549 1588 o
560 1537 675 1638 nniserp²
687 1542 715 1588 te
729 1550 808 1588 casus
817 1547 848 1586 ro

593 1609 651 1655 tat.
698 1646 701 1650 Α

115 1685 231 1724 uersu.
241 1675 278 1725 Ut
287 1675 371 1726 missa
380 1673 453 1741 palla
464 1677 505 1724 est
516 1674 579 1725 tabe
589 1672 698 1725 Nessea
707 1673 786 1738 illita,

116 1741 309 1810 Thalamisque
320 1758 446 1794 moerens
454 1743 531 1794 intuli
543 1758 667 1810 gressum
678 1745 762 1794 meis:

116 1809 215 1862 Nescio
228 1813 290 1880 quid
302 1814 406 1863 animus
417 1813 521 1874 timuit,
532 1819 560 1863 et
570 1811 697 1863 fraudem
708 1813 799 1864 stnrit.

57 1880 109 1930 120
121 1878 205 1930 Libet
215 1883 340 1946 experiri.
377 1881 485 1933 Solibus
496 1881 569 1933 virus
579 1880 670 1932 ferum

116 1948 297 2016 Flammisque
308 1950 410 2002 Nessus
422 1951 579 2018 sanguinem
591 1950 701 2001 ostendi
712 1952 809 2003 arcuit.

117 2016 170 2066 Hic
180 2018 252 2082 ipse,
263 2017 372 2071 fraudes
384 2036 457 2083 esse,
467 2020 640 2087 praemonuit
651 2018 732 2073 dolus
737 2036 746 2084 3

117 2084 154 2134 ut
163 2083 234 2136 sorte
244 2087 317 2137 nulla
328 2090 398 2140 nube
409 2104 550 2156 respersus
560 2089 639 2139 iubar

118 2152 246 2205 lnaxabat
255 2156 352 2207 ardens
363 2157 498 2209 fervidum
509 2159 592 2209 Titan
602 2157 683 2209 diem.

58 2223 109 2274 125
120 2223 174 2274 Vix
186 2239 235 2273 ora
245 2223 311 2274 solvi
322 2228 425 2291 patitur
436 2229 584 2280 etiamnum
593 2228 688 2278 timor:

116 2292 223 2343 Medios
233 2293 260 2341 in
270 2293 346 2359 ignes
358 2296 422 2346 solis
433 2302 461 2346 et
472 2295 683 2357 elmintonam,

119 2362 179 2421 Quo
191 2361 277 2411 tincta
287 2361 378 2414 fuerat
388 2365 460 2430 palla
469 2367 605 2431 vestisque
616 2364 705 2428 inlita,

118 2430 245 2479 Abiectus
256 2427 351 2482 horret
360 2434 484 2500 sanguis,
495 2438 522 2484 ot
533 2433 635 2486 Phoebi
649 2448 731 2485 coma

120 2497 286 2562 'sepefactus
299 2501 384 2552 ardet.
420 2501 474 2553 Vix
487 2517 556 2568 queo
567 2508 719 2554 monstrum
730 2504 831 2574 eloqui.
929 2553 930 2559 ,

56 2567 107 2621 130
119 2566 204 2621 Nires
215 2573 248 2620 ut
258 2570 351 2623 Eurus
362 2570 517 2631 solomano
524 2569 744 2633 tepiduslistus,
929 2566 930 2574 ’

116 2643 196 2709 Quas
207 2656 277 2695 rore
287 2643 381 2715 primo
388 2638 518 2692 lutosus
524 2634 744 2700 perdundum
