1860 2970
125 116 176 166 104
304 111 338 163 L.
365 109 522 166 ANNAEI
549 109 738 165 SENECAE

185 217 311 268 Oceanus
322 213 441 268 clausurn
453 213 517 266 dum
528 211 655 266 fluctibus
666 213 769 266 ambiet
779 217 883 279 orbem,

183 284 316 351 Lunaque
328 283 452 334 dimissos
463 283 526 334 dum
536 281 617 348 plena
627 282 768 350 recolliget
778 285 866 352 ignes,

183 353 256 402 Dum
265 353 412 403 matutinos
423 350 563 418 praedicet
573 349 685 402 Lucifer
695 358 781 414 ortus,

123 421 176 472 5⁰5
186 422 300 486 Altaque
312 420 466 471 caeruleum
477 419 539 470 dum
551 417 642 470 Nerea
650 421 756 471 nesciet
764 422 877 474 Arctos:

185 489 307 542 Candida
314 487 429 539 formosi
439 487 628 540 venerabimur
640 501 689 540 ora
698 487 797 554 Lyaei.

292 785 464 853 ACTUS
507 783 756 891 TERTIUS

315 943 734 1011 orateur,ceaom.

184 1053 277 1099 indicet
285 1051 337 1106 regi
346 1049 417 1093 Creon
425 1063 455 1093 ee
463 1049 636 1101 necromantia,
647 1063 685 1094 rear
696 1051 770 1098 mavis
779 1054 920 1105 remorantia.

129 1109 265 1157 barraeano
273 1121 306 1157 re,
316 1104 489 1160 interfectorem
497 1103 554 1147 Laii
567 1103 763 1162 Oedipremfsirre.
797 1109 920 1167 Illefutm

130 1165 237 1221 opertione
246 1177 287 1206 ruo
297 1165 322 1205 (le
331 1160 420 1216 Polybo
426 1165 498 1216 patre
506 1165 588 1216 mat,
598 1166 684 1219 etpost
691 1162 770 1220 iurgia
781 1163 896 1210 Creontem
901 1165 921 1208 r'o

131 1231 244 1265 carcerem
254 1215 338 1262 cantici
345 1214 414 1258 iubet.

178 1311 179 1314 ’
191 1321 271 1361 oso.
288 1271 363 1357 Etsi
372 1294 431 1372 ipse
442 1304 532 1357 mltus
542 1303 646 1360 tlebiles
656 1307 778 1375 praefert
789 1319 883 1375 notas,

187 1379 339 1445 Exprome,
352 1375 428 1426 cuius
439 1375 529 1441 capite
539 1374 679 1441 placemus
690 1378 764 1430 deos.

192 1462 240 1498 co.
257 1444 323 1498 Fari
331 1442 527 1506 iubes,tacere
537 1459 607 1510 quae
617 1445 715 1498 suadet
724 1454 825 1500 metus.

130 1517 181 1568 510
192 1529 266 1566 orn.
285 1511 314 1564 Si
325 1518 352 1564 te
362 1517 472 1563 ruentes
482 1526 537 1562 non
548 1514 614 1564 satis
625 1512 739 1566 Thebae
749 1524 869 1579 movent,

188 1587 223 1635 At
233 1588 344 1649 sceptra
353 1586 482 1633 moveant
490 1579 568 1647 lapsa
578 1588 712 1649 cognatae
723 1583 830 1637 donnus.

191 1667 240 1703 ca.
257 1650 384 1703 Nescisse
397 1650 505 1716 cupies,
516 1664 597 1701 nosse
608 1666 677 1717 quae
687 1652 800 1704 niarium
815 1654 922 1720 expetis.

189 1733 263 1771 oen.
281 1719 357 1771 iners
367 1719 500 1770 malorum
509 1717 658 1769 remedium
667 1719 824 1786 ignorantia
833 1729 883 1774 est.

188 1790 265 1839 ltane
277 1792 305 1838 et
316 1787 411 1839 salutis
422 1783 548 1853 publicae
559 1785 688 1837 indicium
699 1787 817 1857 obruesi

129 1857 179 1909 tib
192 1871 241 1906 ca.
258 1856 310 1907 Ubi
321 1857 407 1923 turpis
418 1859 460 1907 est
469 1853 616 1917 medicina,
628 1857 716 1906 sanari
728 1858 812 1924 piget.

190 1937 263 1974 orn.
281 1923 380 1975 Audita
390 1923 462 1986 lere3
473 1921 516 1974 vel
526 1921 598 1972 malo
608 1922 726 1975 domitus
736 1928 824 1993 gravi,

189 1991 261 2054 Quid
272 2005 348 2042 arma
357 1992 464 2059 possint
473 1990 546 2058 regis
555 1991 631 2055 irati,
643 1993 721 2044 scies.

190 2075 240 2110 ca.
259 2059 349 2111 Odere
359 2074 438 2127 reges
449 2056 536 2122 dicta,
547 2074 616 2128 quae
627 2060 681 2111 dici
691 2059 794 2114 iubent.

190 2141 266 2180 oso.
283 2128 401 2180 Mitteris
411 2128 503 2180 Erebo
513 2127 565 2179 vile
576 2142 626 2196 pro
639 2131 742 2182 canetis
753 2137 846 2198 caput,

130 2199 180 2247 52⁰
191 2199 297 2248 Arcana
307 2198 378 2248 sacri
388 2210 456 2247 voce
464 2197 495 2248 lli
503 2199 605 2264 retegis
615 2202 672 2248 tua.

192 2279 242 2315 ca.
260 2266 365 2317 Tacere
376 2265 465 2318 liceat
500 2264 582 2316 Nulla
590 2266 702 2318 libertas
712 2268 804 2318 aanor

188 2335 287 2400 Arege
297 2335 408 2399 petitur.
445 2343 519 2383 orn.
538 2330 626 2401 Saepe
636 2335 679 2387 vel
688 2335 781 2402 lingua
791 2339 878 2405 maffl‘s

188 2402 256 2468 Regi
268 2407 348 2467 atque
358 2414 443 2468 regno
452 2405 529 2452 muta
537 2400 649 2454 libertas
660 2402 746 2455 obest.

191 2484 241 2521 cs.
260 2471 313 2521 Ubi
322 2485 376 2521 non
385 2470 452 2520 licet
461 2473 568 2532 tacere,
580 2471 644 2537 quid
655 2472 779 2539 cuiquam
789 2473 872 2525 licet!

130 2537 181 2588 525
193 2550 268 2589 oso.
286 2539 404 2604 lmperia
413 2536 506 2598 solvit,
518 2539 563 2604 qui
572 2543 660 2601 tacet,
669 2540 759 2592 iussus
769 2541 859 2609 loqui.¹

191 2619 240 2658 ca.
259 2604 456 2661 coaetarerba
465 2605 587 2674 placidus
598 2608 733 2678 accipias,
742 2623 852 2678 precor.
