1860 2970
225 160 430 214 TROADES.
465 163 554 214 ACT.
574 162 622 215 111.
716 243 724 248 δ
777 167 826 218 199

23 268 83 320 Nec
95 265 179 318 caede
191 267 276 317 multa
287 267 372 333 qualis
383 256 410 317 in
418 267 532 319 Danaos
543 266 636 321 furans
774 272 825 321 450

24 339 100 390 Vera
113 351 146 386 ex
156 333 259 386 Achille
270 337 357 400 spolia
368 337 493 387 simulato
504 337 574 400 tulit,
605 339 606 344 ’
795 330 799 341 “

24 407 87 457 Nun
99 406 158 467 ille,
169 405 260 455 vuitus
273 403 425 456 flanimeum
437 407 578 458 intendens
589 407 680 470 iubam

24 474 80 526 Sed
92 475 181 525 fessus
194 488 225 525 ac
238 475 358 525 deiectus
371 481 398 526 et
410 475 476 526 fletu
487 477 586 543 gravis,

24 543 179 610 Similisque
191 534 297 606 nusti'b,
308 545 431 611 squalida
441 546 567 596 obtectus
577 560 664 597 coma

24 613 105 664 Iuvat
117 619 208 663 tamen
220 613 329 664 vidisse.
342 616 412 664 'l'um
424 629 554 681 quassans
568 621 659 680 caput,

25 681 166 747 „Dispelle
178 686 321 744 sonmos,“
333 684 433 750 inquit,
446 689 493 745 „et
505 690 616 750 gnatum
627 686 710 752 cripe,

26 754 48 802 0
62 752 118 800 fida
129 750 241 800 coniux!
263 751 376 802 Lateat:
388 752 456 802 haee
467 768 521 802 una
532 760 574 804 cst
584 754 664 802 saitis.

25 822 129 871 Omitte
142 817 229 870 fletus.
266 820 351 871 Troia
363 821 435 886 quod
448 822 560 882 cecidit,
573 821 676 889 gemis?
764 857 767 863 .

24 891 134 940 Utinam
144 891 249 938 iaceret
260 888 332 939 total
353 889 475 940 Festina!
498 905 593 942 amore
663 946 667 952 ,

24 961 196 1024 Quocunque
207 963 318 1008 nostrae
329 959 469 1024 parvulam
480 961 592 1024 stirpem
603 958 730 1010 domus!“

24 1026 92 1078 Mihi
104 1027 208 1093 gelidus
220 1025 319 1077 horror
331 1042 364 1077 ac
374 1032 479 1077 tremor
489 1038 612 1077 somnum
624 1028 739 1094 expulit:

25 1096 182 1162 Oculosque
194 1112 264 1146 nunc
275 1094 327 1146 huc
339 1096 450 1161 pavida,
462 1111 533 1145 nune
541 1096 604 1146 illuc
614 1094 714 1161 ferens,

26 1165 120 1215 Oblita
130 1166 313 1226 nati,·misera
325 1165 446 1231 quaesivi
459 1165 617 1217 Hectorem.

24 1235 121 1286 Fallax
133 1249 182 1299 per
191 1235 265 1299 ipsos
277 1234 373 1285 umbra
384 1234 541 1300 complexus
552 1235 616 1286 abit.

26 1305 50 1354 0
61 1309 157 1370 gnate,
169 1305 259 1369 magni
271 1307 346 1353 certa
356 1305 499 1370 progenies
510 1306 609 1370 panim

10 1376 13 1385 “
25 1373 95 1439 Spes
106 1388 162 1422 una
172 1370 339 1438 Phrygibus,
350 1374 430 1422 unica
443 1373 568 1423 adflictae
580 1374 688 1433 dumus,

24 1443 189 1507 Veterisque
200 1441 308 1492 soboles
319 1442 456 1509 sanguinis
467 1443 576 1491 nimium
587 1443 682 1504 incliti,

25 1511 198 1576 Nimiumque
209 1513 281 1575 patri
293 1511 385 1560 similis
397 1509 459 1572 (hos
470 1512 559 1562 tultus
570 1526 647 1562 meus
681 1529 684 1536 ’

25 1579 156 1631 Habebat
166 1579 283 1642 Hector3
293 1580 355 1629 talis
366 1581 474 1629 incessu
484 1578 544 1641 fuit,
608 1602 611 1607 ·

26 1648 186 1715 Habituque
198 1649 273 1710 talis3
286 1649 326 1698 sic
335 1649 399 1697 tulit
410 1647 496 1698 fortes
508 1663 612 1710 manao,

26 1718 73 1770 Sic
84 1718 172 1769 celsus
184 1716 317 1778 humeris,
328 1716 418 1767 fronte
429 1718 468 1767 sic
480 1723 559 1768 torva
569 1718 667 1779 minax,

27 1789 140 1840 cervice
151 1787 238 1838 fusam
249 1787 383 1852 dissipans
394 1788 469 1836 iacta
480 1789 606 1848 comam),

27 1859 51 1908 Ο
64 1861 160 1924 gnate,
173 1872 234 1907 sero
246 1856 401 1922 Phrygibus
414 1863 443 1906 et
452 1857 546 1918 matri,
558 1857 612 1906 cito

26 1928 123 1977 Eritne
134 1930 240 1992 tempus
250 1926 316 1975 illud
328 1942 360 1985 ac
371 1925 436 1976 felix
447 1925 513 1986 dics,

12 1998 104 2058 Quo,
116 1995 210 2049 Troici
221 1994 349 2052 defensor
360 2002 388 2046 et
398 1994 495 2045 sinder
507 1994 567 2056 soli,

24 2064 158 2119 Recidira
170 2080 254 2130 ponas
266 2065 412 2131 Pergama,
426 2070 454 2114 et
464 2079 574 2130 sparsos
585 2061 651 2131 fuga
718 2088 721 2093 ·

28 2136 112 2185 Cives
119 2133 248 2195 reducas,
260 2148 356 2183 nomen
370 2139 398 2185 et
408 2135 512 2200 patriae
525 2149 602 2184 suum

26 2202 237 2270 Phrygibusque
248 2201 364 2253 reddas?
384 2201 438 2254 Sed
449 2205 503 2253 mei
514 2203 562 2253 fati
573 2215 677 2254 memor

27 2273 99 2322 'Pam
111 2287 210 2339 magna
218 2273 301 2326 timeo
312 2278 385 2322 vota.
414 2272 494 2334 Quod
505 2273 591 2337 captis
603 2276 646 2322 sat
657 2275 707 2332 est,

26 2343 167 2394 Viramus.
195 2341 258 2392 Heu
268 2357 324 2404 me,
336 2343 381 2408 qui
392 2341 468 2391 locus
480 2341 549 2391 fidus
560 2355 621 2392 meo
687 2336 693 2347 “

25 2411 89 2465 Erit
99 2411 204 2472 timori,
216 2426 302 2478 quare
313 2416 340 2461 te
352 2410 416 2462 sede
429 2408 568 2461 occultanti

26 2482 84 2531 Arx
94 2480 141 2532 iila
151 2480 253 2546 pollens
265 2480 360 2547 opibus
373 2486 401 2531 ct
410 2478 493 2530 muris
504 2480 593 2540 deum,

29 2551 135 2601 Gentes
145 2564 196 2616 per
206 2565 298 2601 omnes
311 2551 384 2600 clara
394 2555 421 2600 et
431 2545 546 2598 invidiae
557 2544 656 2614 gravis,

27 2619 111 2671 Nunc
122 2619 207 2685 pulvis
218 2619 302 2682 altus3
314 2624 401 2670 strata
412 2623 475 2669 sunt
485 2614 595 2667 flamma
606 2615 705 2675 onmia,

26 2687 212 2758 Superestquc
223 2693 302 2741 rasta
313 2703 346 2743 ex
357 2688 424 2739 urbe
436 2702 470 2738 ne
481 2692 587 2737 tantum
598 2683 714 2753 quidem,
778 2684 829 2734 485
