1904 2948
246 121 525 176 Piiouiilssuu.
544 125 631 178 ACT.
650 127 671 180 l.
836 131 869 179 iii

72 231 109 283 ut
118 226 173 280 hoc
183 227 269 295 magis
280 231 321 289 te,
333 227 454 293 genitor,
463 227 600 280 insontem
609 242 687 293 roco,

72 298 154 361 Quod
164 299 294 348 innocens
305 310 334 346 es
346 295 387 345 dis
399 310 506 362 quoque
515 298 615 348 inritis.
651 298 783 363 quidest,
819 302 869 352 205

72 366 154 430 Quod
163 372 191 416 te
203 364 335 426 efferant,
348 365 420 430 quod
430 379 515 415 noros
526 366 668 418 subfixerit

71 434 202 488 Stimulos
213 431 317 483 dolorii
336 430 400 498 quid
408 437 436 482 te
446 434 473 482 in
484 432 604 485 infernas
615 437 672 502 ogit

72 501 176 557 Sedese
198 501 261 570 quid
272 515 305 551 ex
316 498 358 550 his
369 499 462 565 pelliti
483 503 520 552 Ut
531 517 625 553 careas
636 503 696 556 die?
719 533 751 546 -

73 576 165 624 Cares.
183 598 216 608 -
234 571 271 620 Ut
284 569 344 619 aitis
355 569 471 618 nobilem
483 571 566 620 muris
577 570 687 623 domum
748 578 778 622 'r

73 635 364 706 Patriamquefugiasi
384 665 417 674 —-
435 636 530 688 Patria
539 639 589 688 tibi
598 640 660 691 rivo
670 642 749 708 perit
769 669 801 680 -—
823 646 872 694 21⁰

75 710 182 761 Gnatos
192 705 276 774 fugis,
286 705 471 772 matremquei
488 735 520 744 -
532 708 570 756 Ab
583 716 696 774 aspectu
707 710 824 762 omnium

74 779 234 831 Fortunate
245 775 393 839 submorit3
405 781 433 826 et
444 775 573 842 quidquid
583 782 677 842 potest

72 845 188 899 Auferre
199 845 324 910 cuiquam
334 858 420 906 mors,
430 844 481 893 tibi
491 842 544 895 hoc
554 846 611 895 vita
621 847 744 912 obstulit3

75 915 161 981 Regni
171 913 315 974 tumultus,
325 913 407 964 turbo
417 912 543 963 fortunae
554 915 630 978 prior

73 983 214 1037 Abscessit
225 997 242 1032 a
251 987 279 1032 te
288 982 372 1032 iussa.
409 981 509 1043 Quem,
520 983 641 1047 genitor,
652 981 740 1051 fugisi
824 987 873 1035 215

75 1065 144 1104 ouo
152 1065 194 1102 ιι».
212 1050 259 1102 Me
270 1049 360 1117 fugio;
378 1048 454 1116 fugio
466 1051 603 1101 conscium
614 1053 744 1104 scelerum
756 1056 876 1103 omnium

73 1122 176 1175 Pectus
181 1134 189 1183 3
200 1133 361 1185 manumque
371 1115 441 1168 hano
451 1117 526 1186 fugio
538 1124 566 1169 et
576 1106 629 1170 hoo
640 1121 745 1173 coelum
756 1128 783 1173 et
794 1121 876 1185 cicos3

73 1192 112 1243 Et
122 1189 182 1240 dira
191 1187 266 1255 fugio
278 1187 395 1249 scelera,
407 1203 476 1254 quae
487 1187 540 1238 feci
551 1189 689 1241 innocens.

73 1260 136 1326 Ego
147 1256 200 1308 hoo
211 1257 311 1320 solum,
324 1255 455 1324 frugifera
466 1272 518 1323 quo
530 1259 618 1324 surgit
629 1261 720 1321 Ceres,

72 1324 192 1380 Premoi
212 1324 261 1376 iras
272 1341 323 1393 ego
337 1341 417 1376 auras
429 1341 476 1377 oro
488 1325 617 1393 pestifero
630 1326 727 1378 trohoi

73 1397 135 1464 Ego
146 1395 236 1446 laticis
244 1393 344 1445 haustu
355 1395 453 1457 satior,
466 1395 574 1445 autoilo
587 1395 665 1447 fruor

73 1465 167 1517 Almae
177 1465 297 1532 parentis
307 1462 434 1514 muner-ei
455 1479 507 1530 ego
520 1469 623 1514 costam
633 1479 750 1526 manum,

73 1532 229 1595 Neronias,
239 1533 419 1593 incestificus,
431 1531 599 1594 execrabilis,

74 1601 216 1655 Attreotoi
233 1614 284 1669 ego
295 1601 365 1652 ullos
376 1614 442 1650 aure
454 1600 578 1664 concipio
589 1615 680 1662 sonos,

74 1672 130 1725 Per
141 1685 209 1739 quos
219 1671 340 1738 parentis
350 1682 450 1719 nomen
460 1672 508 1717 aut
518 1669 574 1717 nati
588 1668 696 1729 oudiarn
825 1672 876 1720 2⁴25

73 1741 185 1793 Utinam
192 1740 299 1807 quidem
309 1736 465 1790 rescindere
475 1734 525 1786 has
537 1737 639 1803 quirem
650 1738 717 1799 rins,

74 1809 256 1875 Manibusque
269 1808 373 1858 adactis
386 1818 479 1868 omne,
491 1820 544 1872 quo
553 1820 635 1857 voces
646 1811 746 1867 meant,

76 1878 224 1945 Adiiusque
234 1877 323 1928 verbis
334 1876 444 1927 transite
455 1880 571 1942 angusto
583 1881 667 1940 patet,

74 1949 182 2000 Eruere
192 1960 301 2014 possem
306 1982 314 2008 ‚
325 1943 421 2012 gnata!
442 1945 497 1995 iam
508 1958 615 1994 sensuro
628 1946 676 2007 tui,

76 2017 155 2078 Quae
166 2030 230 2081 pars
240 2028 363 2066 meorum
374 2029 402 2065 cs
414 2014 552 2064 criminum
559 2050 567 2076 ‚
577 2013 671 2065 infelix
682 2020 761 2079 poter
828 2014 877 2061 230
916 2015 919 2022 '

74 2085 229 2151 Fugissem.
262 2081 392 2135 inhaeret
403 2097 435 2133 ac
444 2082 613 2134 recrudescit
623 2081 700 2133 nefas

76 2152 212 2216 Subinde3
223 2158 251 2203 et
262 2167 342 2204 oures
352 2152 493 2221 ingerunt,
508 2151 637 2218 quidquid
647 2146 712 2201 mihi

74 2221 299 2275 Donastisoouii.
336 2223 390 2272 Cur
400 2225 482 2285 eaput
492 2220 610 2272 tenebris
619 2234 703 2324 grave

73 2291 138 2343 Non
149 2290 230 2341 mitto
242 2289 277 2341 ad
286 2290 396 2340 umbras
406 2289 478 2340 Ditis
490 2293 629 2341 aeternas.
644 2287 707 2357 quid
717 2285 761 2337 hio

76 2357 585 2426 Manesmeosdetineoiquidterram
596 2355 698 2425 gravoi
830 2354 880 2403 2³5

76 2430 237 2496 Mixtusque
249 2426 360 2495 Superis
372 2425 452 2479 er‘roi
468 2428 534 2495 quid
543 2431 632 2479 restat
641 2423 722 2476 mulii

77 2498 217 2564 Regnum,
227 2502 369 2564 parentes,
380 2497 471 2558 liberi,
482 2498 568 2546 virtus
580 2508 697 2563 quoque,

78 2567 116 2618 Et
125 2567 219 2634 ingeni
229 2567 348 2618 sollertis
359 2566 487 2618 eximium
498 2565 581 2616 decus

826 1331 876 1377 220

746 1382 752 1393 a

77 2635 205 2690 Periere:
217 2642 317 2690 cuncto
326 2650 386 2689 sors
397 2632 463 2687 mihi
472 2633 573 2689 infeste
582 2632 702 2686 abstulit.
