1860 2970
23 162 43 179 ··
100 144 153 200 rm
183 112 186 118 ’
272 142 308 196 L.
342 120 500 215 ammam
519 140 710 196 sennenn

161 249 199 301 Et
208 247 297 301 ferret
307 245 407 298 edium.
433 245 544 314 Repetit
553 247 666 316 invitam
675 261 786 299 manum

160 319 277 385 Antiqua
286 315 414 381 Erinnys.
448 316 506 379 Ira,
517 315 671 383 quadrais,
683 330 795 384 sequor.

159 387 270 436 Utinam
280 383 414 451 superbae
425 384 508 435 turba
518 384 679 436 Tantalidos
689 399 753 438 mee
822 416 826 429 ·

7 482 9 489 ν
158 453 721 520 Exusctutero,bisquesepten0snarens

99 522 151 576 945
163 523 267 575 Gnatus
277 522 413 574 tulissemi
435 521 540 573 sterilis
549 523 577 573 in
587 536 690 587 poenas
702 522 750 574 fui

38 596 40 601 '
158 592 252 645 Fratri
261 591 385 658 patrique
396 591 469 657 qued
479 595 523 642 sat
534 595 588 652 est,
599 592 693 658 peperi
702 591 781 644 duos.

162 660 288 722 Quonam
298 658 445 710 istatendit
454 658 536 709 turba
544 658 688 709 Furiarum
698 659 847 727 impetens!

161 729 250 791 Quem
261 728 380 799 quaerit,
390 731 437 778 aut
449 741 503 794 quc
514 725 654 778 flammeos
663 727 736 778 ictus
747 727 840 795 parati

160 799 215 850 Aut
225 797 267 848 cui
278 799 403 847 cruentas
414 809 511 862 agmen
520 793 656 846 infernum
665 794 744 847 faces

102 867 153 920 950
164 863 301 919 intentati
321 865 350 915 ln
372 878 419 916 ens
430 865 524 931 anguis
535 878 649 915 excusse
659 873 742 916 sonat
831 910 834 917 .

163 937 267 986 Tortus
277 879 394 1000 flagello.
432 932 519 993 Quem
529 932 607 985 trabe
617 931 717 985 infesta
727 937 798 1000 petit

162 1000 310 1071 Megaerai
331 1002 407 1052 cuius
417 1001 515 1053 umbra
525 1000 652 1068 dispersis
662 1004 738 1053 venit

162 1068 427 1124 incertamembrisi
441 1070 540 1122 Frater
550 1068 604 1122 est!
624 1085 727 1138 peenas
737 1072 815 1138 petit

163 1141 311 1202 Dabimus,
321 1138 370 1191 sed
382 1137 489 1191 omnesl
506 1140 573 1207 Fige
583 1138 728 1192 luminibus
739 1139 829 1193 iaces!

105 1208 156 1261 955
165 1206 268 1260 Lenia!
279 1207 391 1276 perure!
407 1207 510 1261 Pectus
522 1207 759 1277 en,fu1·iispatetl
771 1237 803 1248 -

164 1277 315 1329 Discedere
326 1292 408 1341 ame,
418 1276 519 1342 irater,
530 1277 641 1342 ultrices
651 1278 727 1343 deas,

165 1347 316 1413 Manesque
327 1346 362 1397 ad
371 1347 441 1399 imos
450 1348 491 1399 ire
502 1361 613 1399 securas
622 1347 697 1400 iube:

165 1414 235 1467 Mihi
245 1415 432 1484 moraliaque,
443 1420 472 1467 ct
482 1423 560 1468 utere
569 1412 635 1480 hac,
645 1415 744 1479 frater,
755 1431 845 1476 manu,

165 1486 243 1547 Quae
256 1485 365 1536 strinxit
375 1500 476 1538 ensem.
512 1487 807 1538 Victimamanestues

105 1551 155 1606 969
165 1553 310 1605 Placemus
319 1555 381 1606 ista.
418 1554 491 1617 Quid
500 1569 598 1621 repens
610 1553 699 1606 adfert
709 1554 810 1606 sorensi

163 1623 300 1676 Parentur
310 1636 398 1684 arma,
408 1637 505 1688 meque
515 1622 544 1670 iu
555 1624 666 1671 exitium
676 1628 782 1687 petunt.

162 1691 281 1744 Excelsa
291 1696 402 1742 nostrae
413 1695 489 1742 tecta
499 1689 681 1742 conscendam
692 1690 790 1742 demus
861 1720 864 1725 ·

164 1761 254 1813 Caede
265 1756 402 1811 inchoata.
437 1758 526 1826 Perge
537 1764 567 1810 tu
577 1774 697 1822 mecum,
708 1754 816 1812 comesi

162 1829 253 1880 Tuum
265 1844 372 1897 queque
383 1829 443 1894 ipsa
454 1842 552 1894 cerpus
564 1826 626 1879 hinc
637 1843 743 1880 mecum
756 1824 873 1878 eveham.

102 1897 153 1949 965
163 1897 243 1950 Nunc
254 1895 307 1950 hoc
318 1913 383 1965 age,
395 1896 495 1948 anime!
517 1896 579 1948 Non
588 1899 616 1948 in
627 1897 734 1948 occulte
745 1897 797 1950 tibi
807 1901 848 1948 est

161 1967 306 2020 Perdemla
315 1969 414 2027 virtus3
425 1965 548 2030 adproba
558 1966 658 2030 populo
669 1981 788 2015 manum.

162 2045 226 2084 lna.
239 2033 397 2100 Quicunque
410 2048 504 2100 regum
514 2033 633 2083 cladibus
645 2033 714 2085 iidm
728 2032 813 2094 doles,

163 2103 314 2165 concurre,
325 2108 357 2152 ut
366 2103 454 2168 ipsam
464 2101 575 2154 sceleris
587 2107 727 2154 auctorem
738 2100 841 2153 horridi

163 2171 320 2236 Cepimus,
332 2171 409 2234 Huc,
421 2169 487 2234 huc,
498 2170 591 2234 fertis,
604 2170 738 2233 armiferi,
751 2169 858 2231 cohors,

102 2240 153 2291 919
164 2238 292 2292 Conferte
303 2239 371 2290 tela!
386 2241 484 2291 vertite
495 2255 529 2292 ex
538 2241 592 2291 imo
604 2237 726 2291 domum!
797 2252 806 2289 ι,

163 2323 205 2359 mu
212 2323 241 2359 n.
254 2309 366 2360 lamiam
376 2309 468 2374 recepi
478 2313 594 2376 sceptra,
606 2323 774 2375 germanum,
785 2315 899 2374 patrem3

162 2377 337 2445 spoliumque
350 2376 443 2428 Colchi
454 2377 565 2442 pecudis
576 2382 688 2427 auratae
700 2376 807 2427 tenent!

162 2445 278 2498 Rediere
289 2445 385 2513 regna!
405 2447 635 2513 raptari1·ginitas
646 2444 729 2495 redit!

164 2515 187 2564 Ο
200 2514 306 2579 placida
316 2515 425 2565 tandem
437 2513 557 2565 numina!
579 2530 596 2565 o
609 2512 708 2565 festum
719 2512 804 2563 diem!

105 2581 155 2632 915
168 2583 190 2632 0
202 2582 362 2647 nuptialem!
383 2583 474 2635 Vade:
486 2582 637 2648 perfectum
649 2589 690 2634 est
700 2582 804 2643 scelus3
829 2627 833 2631 .

43 2644 72 2784 Ι
167 2650 433 2704 vindicta-nondum.
469 2651 589 2720 Perage,
601 2651 665 2704 dum
677 2650 783 2704 faciunt
798 2647 901 2701 uranus!
