1860 2970
227 100 507 166 ne'nnsnrnou.
534 104 631 171 scr.
649 116 682 167 11.
817 118 868 170 ros

68 219 168 274 Veniet
177 223 321 283 tyrannus:
334 232 465 284 prospera
476 216 579 270 animos
591 212 730 272 efferunt'

66 289 165 340 Effusa
176 288 249 338 circa
259 287 384 353 pellicum
394 292 495 356 quanto
506 290 580 340 uenit
593 345 596 350 ,
617 318 622 327 1

67 359 164 409 'l'urba
175 355 320 423 adparatu!
340 355 399 406 sola
410 357 458 409 scd
469 357 549 407 turba
559 358 668 422 eminet,

68 428 214 492 Tenetque
225 439 316 492 regem
326 423 429 477 faurula
437 427 549 477 veridici
558 426 610 477 dei.
821 429 869 478 255

67 496 190 547 Feresne
200 492 310 546 thalami
322 495 395 544 ueta
406 501 561 546 consortem
570 494 626 547 tuit
643 506 647 511 ·
693 498 701 511 ‘

67 568 102 616 nt
113 565 162 615 illa
172 563 255 614 nolet.
290 563 419 614 Ultimum
430 570 472 616 cst
483 570 584 630 nuptae
594 564 695 617 nuum

67 632 165 686 Palam
176 633 277 683 niarite
287 632 428 698 possidens
438 633 527 700 pellex
539 633 657 684 domum.

67 702 127 754 Nec
139 715 225 768 regna
235 702 340 751 socium
348 699 421 752 serre
432 717 483 753 nec
493 702 591 753 taedae
602 704 699 754 sciunt.

72 786 111 821 cn
119 786 136 821 r
144 785 171 821 r.
181 768 310 836 Aegistho
315 805 323 831 ,
336 769 401 836 quid
410 785 453 821 nie
464 772 799 842 rursusinpraecepsegis,
822 779 872 828 eoo

68 843 195 906 iramque
206 837 320 888 flammis
330 839 385 889 iem
395 838 557 890 residentem
567 839 682 907 incitasi

67 909 198 961 Permisit
208 907 308 974 aliquid
318 909 407 959 victor
416 910 443 956 in
454 913 548 972 captas
559 907 626 957 sibit

67 978 132 1031 Non
143 978 285 1044 coniugem
295 974 348 1026 hoc
360 978 508 1043 respicere,
520 990 574 1026 non
585 976 724 1031 dominans
731 980 821 1035 decet.

68 1048 131 1099 Lex
142 1046 196 1097 alia
206 1046 274 1098 solio
285 1050 340 1108 est,
353 1045 406 1097 alia
416 1047 521 1112 privato
531 1047 560 1096 in
569 1051 640 1098 toro.

67 1114 240 1182 Quid,quod
250 1129 360 1166 severas
370 1113 442 1166 ferre
453 1130 496 1165 nnc
506 1114 580 1182 leges
591 1117 649 1167 siro
822 1122 871 1171 205
918 1165 920 1171 ,

68 1187 133 1238 Non
144 1186 248 1250 patitur
256 1184 374 1246 animus,
386 1186 472 1250 turpis
484 1184 592 1236 admissi
602 1187 722 1239 mentori

67 1256 126 1307 Det
134 1254 179 1306 ille
189 1253 296 1304 nenium
308 1250 402 1317 facile,
415 1255 458 1305 cui
468 1255 548 1305 venia
559 1259 602 1306 cst
612 1270 689 1322 opus.

68 1337 112 1375 sa
120 1336 236 1373 crsun.
247 1322 290 1373 lta
300 1321 359 1373 esti·
377 1324 479 1389 pacisci
490 1329 612 1374 mutuam
622 1325 730 1376 reniam
740 1325 820 1378 licetl

68 1393 169 1459 Ignota
179 1392 227 1441 tibi
239 1395 301 1441 sunt
310 1391 372 1441 iura
381 1406 526 1458 regnorum
537 1391 610 1442 haud
620 1407 699 1444 nora.
817 1395 819 1399 ’

66 1462 156 1514 Nobis
165 1459 488 1527 nmligniiudices,aeq11i
498 1461 557 1523 sibi,
822 1464 872 1512 270

66 1531 99 1582 ld
112 1545 173 1582 esse
184 1530 261 1595 regni
273 1529 420 1593 niaximum
431 1531 527 1596 pignus
537 1533 643 1596 putant,
721 1559 724 1562 ·
782 1557 784 1559 ·

68 1599 96 1651 Si
112 1598 240 1667 quidquid
253 1597 311 1647 aliis
322 1597 465 1658 nonlicet,
476 1597 540 1648 solis
550 1599 623 1648 licet.

70 1682 169 1720 cunr.
181 1668 289 1735 ignovit
301 1665 436 1718 Helenae:
447 1667 541 1718 iuncta
549 1666 676 1717 Menelao
687 1667 767 1729 redit,

67 1741 147 1801 Quae
157 1738 295 1803 Europam
308 1741 336 1786 et
345 1736 436 1787 Asiam
446 1735 560 1802 paribus.
567 1734 671 1786 adflixit
681 1736 767 1788 malis.

67 1819 236 1858 seorsus.
253 1804 308 1858 Sed
319 1804 392 1857 nulla
401 1804 512 1858 Atriden
522 1819 621 1858 venere
633 1804 734 1925 fifffiva
750 1805 810 1858 abs·

623 1879 653 1926 tu
667 1875 697 1938 't,
819 1877 871 1926 215

67 1945 127 1997 Nec
139 1946 212 2012 cepit
222 1944 340 1995 animum
352 1944 458 2013 coniugi
471 1943 632 1996 obstrIctum
641 1957 715 1997 suae.
831 1962 833 1966 ¹

66 2016 126 2067 lam
137 2015 238 2065 crimen
250 2015 294 2065 illc
306 2016 425 2081 quaerit,
437 2021 465 2065 et
475 2029 572 2067 causas
584 2020 663 2080 parat

66 2083 111 2135 Nil
123 2099 183 2135 esse
194 2082 275 2135 crede
285 2089 365 2150 turpe
377 2085 549 2135 commissum
559 2083 622 2134 tibiz

68 2152 141 2214 Quid
153 2151 269 2205 honesta
279 2152 390 2218 prodest
400 2155 469 2217 sita,
480 2152 583 2221 flagitio
594 2167 704 2214 vacans,

66 2222 120 2273 Ubi
130 2221 256 2273 dominus
267 2220 340 2272 oditl
360 2223 405 2274 Fit
414 2237 596 2283 nocens3non
607 2223 747 2287 quaeritur
818 2221 869 2270 280

67 2289 232 2358 Spartamne
244 2295 351 2356 repetes
362 2296 454 2355 spreta
465 2296 493 2342 et
502 2291 626 2340 Eurotan
636 2293 712 2339 tuum

65 2359 228 2426 Patriasque
240 2360 318 2410 sedes
329 2357 462 2426 profugai
484 2357 546 2409 Non
557 2357 623 2408 dant
633 2357 736 2408 exitum

65 2429 191 2495 Repudia
200 2443 303 2494 regum.
340 2426 393 2494 Spe
404 2433 506 2478 metum
516 2425 678 2477 salsalevas.
726 2433 728 2436 ⁴

69 2512 167 2548 ccum
184 2497 293 2548 Delicta
303 2498 377 2547 novit
388 2511 466 2548 nemo
478 2496 530 2547 nisi
541 2494 612 2545 lidus
620 2508 695 2544 mea.

61 2579 227 2616 seorsum
242 2565 304 2617 Non
314 2556 903 2638 intretunquamregiumlimeuixdes.2²&

53 2644 92 2679 cn
100 2645 148 2682 rr.
164 2633 270 2699 Opilius
281 2639 431 2706 merebor,
444 2645 478 2695 ut
490 2639 583 2694 fidem
595 2635 693 2708 pretio
706 2629 852 2696 obligem-
