1860 2970
165 109 390 163 HERCULES
408 109 610 164 our-tuus.
646 115 733 167 Aca.
752 114 772 167 1.
814 117 862 167 293

64 216 86 264 0
100 219 202 281 quanta
211 210 269 263 fudi
279 219 413 275 monstra,
425 229 494 281 quae
503 215 590 266 nullus
602 214 667 267 mihi

60 283 120 334 Rex
131 281 285 348 imperavit!
307 283 407 332 Institit
417 287 501 334 virtus
513 282 576 333 mihi

59 353 164 403 lunone
176 351 260 416 peior.
297 349 351 402 Sed
363 352 425 418 quid
436 345 598 418 impariddm
609 368 694 420 genus

59 421 173 471 Fecisse
185 418 314 485 prodest?
332 435 386 471 non
397 418 499 471 habent
508 436 605 486 pacem
617 423 673 473 dei:

59 488 185 555 Purgata
195 487 274 538 tellus
285 489 371 538 omnis
381 490 408 538 in
420 490 497 541 coelo
509 490 591 553 ridet,
830 492 862 541 65

61 556 249 622 Quodcunque
260 550 510 608 tinniitrtransfulit
521 560 587 609 luno
599 543 681 611 fe'ras.
871 558 917 631 ..η’

59 623 154 675 Ambit
162 630 300 690 peremtus
312 626 416 676 Cancer
426 626 565 678 ardentem
576 627 694 694 plagam,

59 693 222 758 Libyaeque
233 692 306 743 sidus
318 691 420 755 fertur,
435 700 462 745 et
474 709 575 745 messes
587 696 641 746 alit.

58 764 166 813 Annum
176 761 301 828 fugacem
312 761 395 813 tradit
405 764 535 814 Astraeae
545 763 605 827 leo;

58 831 96 881 At
105 831 292 895 ipse,iaotans
302 830 433 882 fervidam
444 831 518 882 coelo
531 832 632 893 iubam,
830 835 863 882 'nt

60 900 189 950 Austrum
200 898 352 951 madentem
363 900 464 962 siccat,
475 905 503 950 et
512 900 618 950 nimbos
629 903 708 967 rapit.

60 968 165 1018 Invasit
177 968 351 1038 omniaecce!
371 969 424 1018 iam
437 969 541 1020 coelum
552 968 621 1030 iera,

61 1035 164 1102 Meque
174 1039 328 1087 antecessit.
362 1037 461 1088 Victor
473 1053 487 1088 e
498 1038 579 1088 terris
589 1051 667 1088 meos

63 1103 167 1169 Specto
178 1103 294 1156 labores:
322 1106 403 1156 Astra
411 1108 546 1173 portentis
558 1108 631 1172 prius

60 1164 618 1243 Ferisqpelunotribditmtcoelummihi
834 1177 864 1224 15

61 1241 181 1293 Faceret
192 1242 347 1294 timendum.
376 1242 511 1311 sparserit
522 1244 651 1295 mundum
661 1245 734 1307 licet,

63 1309 229 1392 Coelumqpe
239 1313 321 1393 terrip
330 1314 406 1379 peius
417 1328 449 1363 ao
458 1299 632 1380 potuisti-ge

62 1376 139 1429 Irata
148 1376 245 1430 faciat:
258 1380 365 1430 dabrtnr
375 1380 484 1431 Alcidae
495 1382 580 1431 locus.
606 1432 610 1441 ,

63 1443 94 1498 Si
104 1452 168 1514 post
177 1445 262 1510 feras,
274 1453 336 1514 post
347 1448 431 1508 bella,
442 1453 504 1512 post
513 1442 638 1513 Stygium
649 1462 753 1508 canem,

61 1514 189 1579 Nondum
200 1523 275 1567 astra
285 1500 383 1566 mardi:
396 1513 500 1566 Siculus
511 1515 675 1580 Hesperium
685 1516 756 1567 latus
793 1562 813 1581 5
833 1520 865 1565 Ab

62 1584 173 1659 Tangat
183 1583 297 1635 Pelorus
305 1569 377 1664 Qua
387 1584 442 1633 iam
452 1583 532 1632 tellus
542 1584 607 1632 erit:

58 1651 347 1719 lllincfngabomana
385 1649 414 1701 Si
423 1652 498 1716 iungi
507 1648 598 1700 iubes:

61 1722 221 1774 Conrnrittat
231 1719 316 1769 undas
327 1720 354 1769 ls
415 1733 459 1780 os,
470 1723 498 1770 et
507 1718 600 1770 iuncto
615 1718 673 1770 salo

59 1790 139 1842 Nova
150 1789 273 1839 ferantur
283 1734 504 1854 Atticaessuppes
514 1789 567 1839 ria.

58 1860 184 1910 blutetnr
195 1855 282 1908 orbis:
293 1856 406 1923 vallibus
420 1862 512 1907 currat
522 1857 599 1908 noris

58 1929 145 1989 later,
156 1940 295 1992 novasque
307 1926 408 1976 Tanais
418 1926 536 1992 accipiat
547 1927 612 1978 vias.

58 1997 119 2058 Da,
131 1994 307 2057 datuendos,
318 1996 434 2062 Iupiter,
446 1995 544 2046 saltem
555 1994 634 2048 deos!

59 2065 111 2116 llla
120 2064 213 2116 licebit
223 2063 323 2115 fulmen
335 2069 439 2130 aparte
450 2063 568 2127 auferas,

59 2135 121 2201 Ego
133 2136 213 2199 quarn
223 2133 328 2184 tuebor.
358 2132 420 2186 Sive
431 2122 572 2202 glacialem
582 2134 683 2200 polum,

61 2200 117 2253 Seu
129 2216 171 2252 me
182 2203 252 2252 tueri
263 2201 392 2252 fervidam
405 2209 511 2268 partem
519 2202 611 2252 iubeor

61 2271 124 2320 liae
134 2285 193 2321 esse
205 2269 324 2337 Snperos
333 2277 411 2336 parto
422 2285 532 2321 securos
542 2275 616 2335 puta.
837 2315 844 2326 ,

62 2324 244 2393 Cirrhaea&
262 2353 295 2388 an
306 2339 408 2403 templa
417 2343 445 2388 et
473 2332 725 2403 etheria'mdomum
792 2321 831 2405 ’Ἰ
861 2388 864 2395 ,

61 2404 197 2471 Serpente
208 2354 289 2458 caan
300 2409 412 2469 nieruit3
424 2354 570 2472 afflues
580 2407 653 2456 iacet
862 2388 881 2437 ⁹
897 2406 905 2420 ’
920 2402 925 2411 ’

62 2473 173 2541 Python
183 2477 210 2524 in
221 2473 328 2539 hydra?
348 2473 473 2525 Bacchus
485 2479 513 2524 et
522 2474 639 2524 Perseus
651 2472 708 2525 deis

62 2545 121 2595 lam
133 2559 162 2594 se
172 2543 302 2606 intulere‚·
312 2543 360 2594 sed
374 2546 460 2612 quota
470 2549 515 2594 est
523 2542 721 2610 mundlplaga

57 2612 155 2661 Oriens
162 2610 310 2680 subactus,
320 2620 372 2669 aut
384 2619 475 2686 quota
486 2620 534 2672 eat
543 2608 767 2686 Gorgoniurab

91 2694 364 2808 adem
