1860 2970
282 119 439 176 Manna.
474 121 562 174 ACT.
580 122 627 174 111,
813 124 863 172 237

57 225 170 278 Mutare
181 222 275 289 sedes3
287 238 371 276 causa
379 222 498 292 fugiendi
511 239 582 276 nova
591 232 646 277 est:
735 269 737 274 .

56 297 114 347 Pro
125 298 153 345 te
165 292 286 344 solebam
298 293 401 360 lugere.
436 293 661 357 Discedo,exeo.
810 293 861 343 450

55 362 207 416 Penatibus
217 361 363 429 profugere
374 375 454 429 quam
465 363 540 428 cogis
550 364 612 427 tuis,

55 432 97 484 Ad
110 445 179 499 quos
189 429 322 482 remittisl
341 429 443 482 Phasin
454 438 482 482 et
493 430 608 482 Colchos
618 437 711 498 petam
764 434 767 440 '

56 500 236 566 Patriumque
247 513 372 566 regnum,
384 514 507 566 quaeque
519 499 655 554 fraternus
666 513 745 551 cruor

56 567 185 619 Perfudit
195 565 277 618 amal
299 569 372 630 Quas
382 568 440 670 qeti
449 573 536 620 terras
546 567 640 620 iubesl

59 637 137 698 Quae
148 637 235 686 maria
244 641 393 687 monstras.
416 636 524 688 Pontici
534 637 628 688 fauces
638 636 711 699 freti,

56 705 114 759 Per
124 719 192 772 quas
202 705 295 756 revexi
304 704 408 756 nobiles
418 719 513 772 regum
523 720 628 768 manus,

58 773 217 826 Adulterum
228 778 323 825 secuta
332 788 382 840 per
392 771 606 841 Symplegadasl

57 844 211 895 Parvamne
222 841 328 905 Iolcon,
340 840 474 893 Thessala
484 856 518 892 an
529 844 633 907 Tempe
643 842 752 908 petam?

58 912 243 978 Quaecunque
254 911 347 977 aperui
359 911 408 960 tibi
418 912 490 972 rias,
502 910 570 961 clusi
579 909 653 960 milri.

60 981 123 1042 Quo
134 992 178 1030 mc
188 977 321 1031 remittisl
342 979 423 1030 Eruli
434 979 543 1030 exilium
552 980 679 1045 imperas,

59 1047 188 1100 Necdas.
224 1049 318 1099 Eatur.
352 1047 454 1115 Regius
463 1049 543 1098 iussit
553 1062 650 1116 gener:

58 1115 134 1168 Nihil
145 1130 251 1169 recuso.
285 1115 611 1183 Dirasuppliciuingere:

59 1186 159 1236 Merui.
196 1187 319 1237 cruentis
330 1184 453 1250 pellicem
462 1186 558 1252 poenis
569 1190 675 1252 premat

59 1254 169 1320 Regalis
179 1253 234 1315 ira,
245 1253 356 1304 uinculis
368 1259 463 1306 oneret
473 1268 578 1316 manus,

60 1323 223 1388 Clusamque
234 1335 300 1372 saxo
310 1323 398 1372 noctis
410 1328 537 1374 aeternae
550 1322 661 1373 obmat:

59 1390 172 1442 Minora
181 1390 284 1440 mer-itis
293 1392 391 1457 patiar.
402 1418 434 1428 —
446 1392 587 1458 Ingratum
598 1389 692 1457 caput!

60 1457 196 1512 Revolvat
206 1459 309 1510 animus
318 1460 413 1525 igneos
424 1462 496 1508 tauri
508 1457 616 1520 halitus,

58 1529 188 1594 Interque
200 1541 296 1578 saeros
306 1528 394 1594 gentis
404 1526 552 1577 indomitae
563 1534 653 1578 metus

59 1594 194 1647 Armifero
204 1596 232 1646 in
243 1610 308 1646 arvo
319 1594 473 1646 flammeum
484 1596 585 1646 Aeetae
595 1608 688 1660 pecus,

59 1665 212 1731 Hostiaque
222 1665 304 1716 subiti
314 1662 381 1713 tela:
394 1676 453 1714 cum
463 1663 538 1713 iussu
547 1678 609 1715 meo

60 1734 214 1801 'reingena
223 1733 300 1784 miles
311 1736 405 1785 mutua
417 1731 500 1781 caedo
513 1733 623 1782 occidit.

38 1842 41 1847 s
59 1802 145 1854 Adice
156 1803 277 1869 expetita
287 1801 375 1867 spolia
385 1798 495 1850 Phrixei
507 1801 608 1862 arietis,
661 1857 663 1862 s
710 1848 712 1852 Α

61 1870 218 1938 Somnoque
228 1871 330 1922 iussum
340 1869 441 1919 lumina
450 1870 543 1936 ignoto
555 1869 627 1921 dare
639 1912 642 1918 .

59 1941 188 1992 Insomne
197 1945 361 2001 monstrum3
372 1938 502 1988 traditum
513 1938 626 1989 fratrem
638 1939 708 1999 neci,

60 2009 99 2060 Et
109 2009 215 2060 scelere
224 2009 252 2058 in
262 2020 316 2059 nno
328 2022 381 2057 non
394 2007 478 2058 semel
487 2007 592 2059 factunm
603 2006 704 2070 scelus3

58 2079 206 2144 lassaeque
216 2082 307 2138 natas,
318 2075 414 2126 fraudo
424 2075 552 2145 deceptas
562 2090 634 2138 inea,

60 2145 163 2199 Secare
172 2144 294 2197 membra
304 2158 357 2195 non
367 2145 495 2197 revicturi
506 2147 588 2196 senis.

16 2220 19 2225 '
59 2215 155 2267 Aliena
166 2227 298 2282 quaerens
308 2229 405 2280 regna,
417 2212 523 2264 deserui
533 2229 604 2264 men.

59 2282 115 2335 Per
126 2298 189 2350 spes
199 2287 308 2332 tuorum
318 2281 432 2332 liberum
443 2287 583 2333 etcertum
595 2282 690 2342 larem,

59 2352 117 2402 Per
125 2352 200 2402 victa
209 2355 343 2413 monstra,
354 2364 403 2415 per
413 2364 522 2411 manus,
534 2364 583 2415 pro
594 2351 624 2405 te
637 2349 733 2416 quibus
811 2351 861 2399 480

60 2418 207 2488 Nunquam
218 2420 341 2486 peperci,
352 2433 453 2484 perque
466 2419 629 2483 praeteritos
640 2423 737 2478 motus,

59 2490 116 2541 Per
126 2486 233 2539 coelum
244 2493 271 2538 et
280 2487 379 2548 undas,
391 2487 498 2551 coniugi
509 2491 593 2536 testes
603 2486 667 2545 mci,

59 2555 302 2609 Misererelrcdde
311 2554 425 2622 supplici
435 2553 502 2606 felix
511 2555 604 2607 uicem
702 2618 705 2625 Ι

55 2624 205 2688 Eroplbus
212 2624 279 2686 illis,
292 2640 361 2694 quae
371 2625 475 2695 procul
484 2632 588 2698 raptas
597 2621 738 2692 Septima
759 2654 764 2661 -
