<?xml version="1.0" encoding="UTF-8"?>
<!DOCTYPE html PUBLIC "-//W3C//DTD XHTML 1.0 Transitional//EN"
    "http://www.w3.org/TR/xhtml1/DTD/xhtml1-transitional.dtd">
<html xmlns="http://www.w3.org/1999/xhtml" xml:lang="en" lang="en">
 <head>
  <title>
</title>
<meta http-equiv="Content-Type" content="text/html;charset=utf-8" />
  <meta name='ocr-system' content='tesseract 3.04.00' />
  <meta name='ocr-capabilities' content='ocr_page ocr_carea ocr_par ocr_line ocrx_word'/>
</head>
<body>
  <div class='ocr_page' id='page_1' title='image "./tragoediaeadopt00senegoog_0369.png"; bbox 0 0 1860 2970; ppageno 0'>
   <div class='ocr_carea' id='block_1_1' title="bbox 115 132 746 217">
    <p class='ocr_par' dir='ltr' id='par_1_1' title="bbox 115 132 746 217">
     <span class='ocr_line' id='line_1_1' title="bbox 115 132 746 217; baseline -0.017 -8"><span class='ocrx_word' id='word_1_1' title='bbox 115 154 168 209; x_wconf 76' lang='lat' dir='ltr'><strong>sos</strong></span> <span class='ocrx_word' id='word_1_2' title='bbox 283 147 335 217; x_wconf 78' lang='lat' dir='ltr'><strong>[n.</strong></span> <span class='ocrx_word' id='word_1_3' title='bbox 352 132 510 198; x_wconf 68' lang='lat' dir='ltr'><strong>suanm</strong></span> <span class='ocrx_word' id='word_1_4' title='bbox 528 142 746 214; x_wconf 69' lang='lat' dir='ltr'><strong>senecas]</strong></span> 
     </span>
    </p>
   </div>
   <div class='ocr_carea' id='block_1_2' title="bbox 114 245 696 1058">
    <p class='ocr_par' dir='ltr' id='par_1_2' title="bbox 114 245 696 1058">
     <span class='ocr_line' id='line_1_2' title="bbox 174 245 696 318; baseline -0.015 -12"><span class='ocrx_word' id='word_1_5' title='bbox 174 253 335 318; x_wconf 78' lang='lat' dir='ltr'>Patiturque</span> <span class='ocrx_word' id='word_1_6' title='bbox 346 262 451 301; x_wconf 85' lang='lat' dir='ltr'><strong>moram</strong></span> <span class='ocrx_word' id='word_1_7' title='bbox 462 247 572 299; x_wconf 85' lang='lat' dir='ltr'><strong>sceleris</strong></span> <span class='ocrx_word' id='word_1_8' title='bbox 582 245 696 299; x_wconf 83' lang='lat' dir='ltr'><strong>nullum.</strong></span> 
     </span>
     <span class='ocr_line' id='line_1_3' title="bbox 173 316 611 386; baseline -0.023 -12"><span class='ocrx_word' id='word_1_9' title='bbox 173 324 274 374; x_wconf 85' lang='lat' dir='ltr'><strong>ltlissus</strong></span> <span class='ocrx_word' id='word_1_10' title='bbox 286 320 393 386; x_wconf 80' lang='lat' dir='ltr'>peragit</span> <span class='ocrx_word' id='word_1_11' title='bbox 402 319 477 369; x_wconf 88' lang='lat' dir='ltr'><strong>iussa</strong></span> <span class='ocrx_word' id='word_1_12' title='bbox 486 316 611 369; x_wconf 74' lang='lat' dir='ltr'><strong>satelles:</strong></span> 
     </span>
     <span class='ocr_line' id='line_1_4' title="bbox 173 385 645 452; baseline -0.013 -10"><span class='ocrx_word' id='word_1_13' title='bbox 173 391 290 442; x_wconf 84' lang='lat' dir='ltr'><strong>Reserat</strong></span> <span class='ocrx_word' id='word_1_14' title='bbox 300 388 425 438; x_wconf 85' lang='lat' dir='ltr'><strong>dominae</strong></span> <span class='ocrx_word' id='word_1_15' title='bbox 436 391 550 452; x_wconf 81' lang='lat' dir='ltr'><strong>pectora</strong></span> <span class='ocrx_word' id='word_1_16' title='bbox 559 385 645 439; x_wconf 78' lang='lat' dir='ltr'><strong>ferro.</strong></span> 
     </span>
     <span class='ocr_line' id='line_1_5' title="bbox 114 455 619 515; baseline -0.014 -1"><span class='ocrx_word' id='word_1_17' title='bbox 114 461 165 515; x_wconf 77' lang='lat' dir='ltr'><strong>tto</strong></span> <span class='ocrx_word' id='word_1_18' title='bbox 177 458 274 511; x_wconf 83' lang='lat' dir='ltr'>Caedis</span> <span class='ocrx_word' id='word_1_19' title='bbox 285 456 403 507; x_wconf 89' lang='lat' dir='ltr'><strong>moriens</strong></span> <span class='ocrx_word' id='word_1_20' title='bbox 411 455 459 506; x_wconf 90' lang='lat' dir='ltr'><strong>illa</strong></span> <span class='ocrx_word' id='word_1_21' title='bbox 467 455 619 507; x_wconf 83' lang='lat' dir='ltr'><strong>ministrum</strong></span> 
     </span>
     <span class='ocr_line' id='line_1_6' title="bbox 173 523 376 593; baseline -0.025 -14"><span class='ocrx_word' id='word_1_22' title='bbox 173 528 264 593; x_wconf 84' lang='lat' dir='ltr'><strong>Rogat</strong></span> <span class='ocrx_word' id='word_1_23' title='bbox 272 523 376 586; x_wconf 84' lang='lat' dir='ltr'><strong>infelix,</strong></span> 
     </span>
     <span class='ocr_line' id='line_1_7' title="bbox 174 591 622 649; baseline -0.011 -1"><span class='ocrx_word' id='word_1_24' title='bbox 174 598 259 649; x_wconf 83' lang='lat' dir='ltr'><strong>Utero</strong></span> <span class='ocrx_word' id='word_1_25' title='bbox 272 593 359 645; x_wconf 87' lang='lat' dir='ltr'><strong>dirum</strong></span> <span class='ocrx_word' id='word_1_26' title='bbox 370 591 471 644; x_wconf 83' lang='lat' dir='ltr'><strong>condat</strong></span> <span class='ocrx_word' id='word_1_27' title='bbox 479 598 511 643; x_wconf 91' lang='lat' dir='ltr'><strong>ut</strong></span> <span class='ocrx_word' id='word_1_28' title='bbox 522 604 622 644; x_wconf 81' lang='lat' dir='ltr'><strong>ensem.</strong></span> 
     </span>
     <span class='ocr_line' id='line_1_8' title="bbox 175 659 672 729; baseline -0.008 -14"><span class='ocrx_word' id='word_1_29' title='bbox 175 664 249 729; x_wconf 85' lang='lat' dir='ltr'><strong>„llic</strong></span> <span class='ocrx_word' id='word_1_30' title='bbox 259 667 315 724; x_wconf 84' lang='lat' dir='ltr'><strong>est,</strong></span> <span class='ocrx_word' id='word_1_31' title='bbox 327 659 371 712; x_wconf 85' lang='lat' dir='ltr'><strong>hie</strong></span> <span class='ocrx_word' id='word_1_32' title='bbox 381 666 424 712; x_wconf 86' lang='lat' dir='ltr'><strong>est</strong></span> <span class='ocrx_word' id='word_1_33' title='bbox 434 660 578 713; x_wconf 82' lang='lat' dir='ltr'><strong>fodiendus</strong></span> <span class='ocrx_word' id='word_1_34' title='bbox 585 664 612 724; x_wconf 90' lang='lat'><strong>‚“</strong></span> <span class='ocrx_word' id='word_1_35' title='bbox 623 661 672 722; x_wconf 84' lang='lat' dir='ltr'><strong>ait,</strong></span> 
     </span>
     <span class='ocr_line' id='line_1_9' title="bbox 176 728 695 799; baseline -0.004 -16"><span class='ocrx_word' id='word_1_36' title='bbox 176 769 194 796; x_wconf 85' lang='lat'><strong>,‚</strong></span> <span class='ocrx_word' id='word_1_37' title='bbox 200 732 300 792; x_wconf 84' lang='lat' dir='ltr'><strong>Ferro,</strong></span> <span class='ocrx_word' id='word_1_38' title='bbox 310 735 461 781; x_wconf 87' lang='lat' dir='ltr'><strong>monstrum</strong></span> <span class='ocrx_word' id='word_1_39' title='bbox 473 730 519 799; x_wconf 86' lang='lat' dir='ltr'><strong>qui</strong></span> <span class='ocrx_word' id='word_1_40' title='bbox 529 729 584 782; x_wconf 80' lang='lat' dir='ltr'><strong>tale</strong></span> <span class='ocrx_word' id='word_1_41' title='bbox 594 728 695 783; x_wconf 82' lang='lat' dir='ltr'><strong>tulitt“</strong></span> 
     </span>
     <span class='ocr_line' id='line_1_10' title="bbox 118 798 442 858; baseline -0.028 -2"><span class='ocrx_word' id='word_1_42' title='bbox 118 801 168 855; x_wconf 77' lang='lat' dir='ltr'><strong>tto</strong></span> <span class='ocrx_word' id='word_1_43' title='bbox 179 802 247 853; x_wconf 86' lang='lat' dir='ltr'><strong>Post</strong></span> <span class='ocrx_word' id='word_1_44' title='bbox 256 798 327 849; x_wconf 86' lang='lat' dir='ltr'><strong>hanc</strong></span> <span class='ocrx_word' id='word_1_45' title='bbox 336 812 442 858; x_wconf 83' lang='lat' dir='ltr'><strong>vocem,</strong></span> 
     </span>
     <span class='ocr_line' id='line_1_11' title="bbox 178 865 628 934; baseline -0.013 -14"><span class='ocrx_word' id='word_1_46' title='bbox 178 870 245 921; x_wconf 85' lang='lat' dir='ltr'><strong>Cum</strong></span> <span class='ocrx_word' id='word_1_47' title='bbox 255 881 382 934; x_wconf 86' lang='lat' dir='ltr'><strong>supremo</strong></span> <span class='ocrx_word' id='word_1_48' title='bbox 393 868 506 916; x_wconf 82' lang='lat' dir='ltr'>mixtam</span> <span class='ocrx_word' id='word_1_49' title='bbox 515 865 628 933; x_wconf 77' lang='lat' dir='ltr'><strong>gemitu,</strong></span> 
     </span>
     <span class='ocr_line' id='line_1_12' title="bbox 178 933 670 1002; baseline -0.008 -14"><span class='ocrx_word' id='word_1_50' title='bbox 178 938 300 988; x_wconf 78' lang='lat' dir='ltr'><strong>Animam</strong></span> <span class='ocrx_word' id='word_1_51' title='bbox 311 934 421 986; x_wconf 90' lang='lat' dir='ltr'><strong>tandem</strong></span> <span class='ocrx_word' id='word_1_52' title='bbox 433 933 554 1002; x_wconf 78' lang='lat' dir='ltr'><strong>perfora</strong></span> <span class='ocrx_word' id='word_1_53' title='bbox 562 935 670 985; x_wconf 81' lang='lat' dir='ltr'><strong>tristem</strong></span> 
     </span>
     <span class='ocr_line' id='line_1_13' title="bbox 179 1003 408 1058; baseline -0.017 0"><span class='ocrx_word' id='word_1_54' title='bbox 179 1006 301 1058; x_wconf 88' lang='lat' dir='ltr'><strong>Vulnera</strong></span> <span class='ocrx_word' id='word_1_55' title='bbox 309 1003 408 1057; x_wconf 83' lang='lat' dir='ltr'><strong>reddit</strong></span> 
     </span>
    </p>
   </div>
   <div class='ocr_carea' id='block_1_3' title="bbox 243 1268 798 1339">
    <p class='ocr_par' dir='ltr' id='par_1_3' title="bbox 243 1268 798 1339">
     <span class='ocr_line' id='line_1_14' title="bbox 243 1268 798 1339; baseline 0.009 -5"><span class='ocrx_word' id='word_1_56' title='bbox 243 1268 433 1334; x_wconf 85' lang='lat' dir='ltr'><strong>ACTUS</strong></span> <span class='ocrx_word' id='word_1_57' title='bbox 477 1268 798 1339; x_wconf 62' lang='lat' dir='ltr'>SECUNDUS„</span> 
     </span>
    </p>
   </div>
   <div class='ocr_carea' id='block_1_4' title="bbox 428 1436 610 1486">
    <p class='ocr_par' dir='ltr' id='par_1_4' title="bbox 428 1436 610 1486">
     <span class='ocr_line' id='line_1_15' title="bbox 428 1436 610 1486; baseline 0.005 -5"><span class='ocrx_word' id='word_1_58' title='bbox 428 1436 610 1486; x_wconf 73' lang='lat' dir='ltr'><em>SENECA.</em></span> 
     </span>
    </p>
   </div>
   <div class='ocr_carea' id='block_1_5' title="bbox 120 1534 871 1691">
    <p class='ocr_par' dir='ltr' id='par_1_5' title="bbox 120 1534 871 1691">
     <span class='ocr_line' id='line_1_16' title="bbox 176 1534 871 1594; baseline -0.004 -13"><span class='ocrx_word' id='word_1_59' title='bbox 176 1537 337 1592; x_wconf 71' lang='lat' dir='ltr'><strong>Philosophus,</strong></span> <span class='ocrx_word' id='word_1_60' title='bbox 348 1534 418 1579; x_wconf 79' lang='lat' dir='ltr'><strong>seculi</strong></span> <span class='ocrx_word' id='word_1_61' title='bbox 425 1535 463 1577; x_wconf 75' lang='lat' dir='ltr'><strong>reti</strong></span> <span class='ocrx_word' id='word_1_62' title='bbox 469 1535 529 1578; x_wconf 78' lang='lat' dir='ltr'><strong>vitio</strong></span> <span class='ocrx_word' id='word_1_63' title='bbox 539 1538 674 1587; x_wconf 80' lang='lat' dir='ltr'><strong>detestatus,</strong></span> <span class='ocrx_word' id='word_1_64' title='bbox 683 1537 763 1594; x_wconf 73' lang='lat' dir='ltr'><strong>prisci</strong></span> <span class='ocrx_word' id='word_1_65' title='bbox 774 1543 832 1586; x_wconf 69' lang='lat' dir='ltr'><strong>aevi</strong></span> <span class='ocrx_word' id='word_1_66' title='bbox 842 1541 871 1585; x_wconf 63' lang='grc' dir='ltr'><strong>μ’.</strong></span> 
     </span>
     <span class='ocr_line' id='line_1_17' title="bbox 120 1591 871 1691; baseline -0.003 -54"><span class='ocrx_word' id='word_1_67' title='bbox 120 1593 216 1691; x_wconf 46' lang='lat'><strong>2:255?</strong></span> <span class='ocrx_word' id='word_1_68' title='bbox 226 1595 383 1649; x_wconf 81' lang='lat' dir='ltr'><strong>laudat,utque</strong></span> <span class='ocrx_word' id='word_1_69' title='bbox 394 1591 472 1633; x_wconf 75' lang='lat' dir='ltr'><strong>omnio</strong></span> <span class='ocrx_word' id='word_1_70' title='bbox 480 1591 506 1633; x_wconf 82' lang='lat' dir='ltr'><strong>t&#39;n</strong></span> <span class='ocrx_word' id='word_1_71' title='bbox 515 1592 560 1634; x_wconf 71' lang='lat' dir='ltr'><strong>elta</strong></span> <span class='ocrx_word' id='word_1_72' title='bbox 570 1591 594 1634; x_wconf 79' lang='lat' dir='ltr'><strong>t&#39;n</strong></span> <span class='ocrx_word' id='word_1_73' title='bbox 606 1592 725 1637; x_wconf 75' lang='lat' dir='ltr'><strong><em>deteriora</em></strong></span> <span class='ocrx_word' id='word_1_74' title='bbox 734 1597 871 1643; x_wconf 67' lang='lat' dir='ltr'><strong>nerium.</strong></span> 
     </span>
    </p>
   </div>
   <div class='ocr_carea' id='block_1_6' title="bbox 43 1703 834 2419">
    <p class='ocr_par' dir='ltr' id='par_1_6' title="bbox 181 1703 765 1802">
     <span class='ocr_line' id='line_1_18' title="bbox 181 1703 765 1802; baseline 0.014 -16"><span class='ocrx_word' id='word_1_75' title='bbox 181 1703 266 1798; x_wconf 74' lang='lat' dir='ltr'><strong>Quid</strong></span> <span class='ocrx_word' id='word_1_76' title='bbox 276 1751 333 1798; x_wconf 90' lang='lat' dir='ltr'><strong>me,</strong></span> <span class='ocrx_word' id='word_1_77' title='bbox 345 1743 441 1802; x_wconf 87' lang='lat' dir='ltr'><strong>potens</strong></span> <span class='ocrx_word' id='word_1_78' title='bbox 450 1737 586 1800; x_wconf 81' lang='lat' dir='ltr'><strong>Fortuna,</strong></span> <span class='ocrx_word' id='word_1_79' title='bbox 597 1736 765 1794; x_wconf 80' lang='lat' dir='ltr'><strong>fallacimihi</strong></span> 
     </span>
    </p>

    <p class='ocr_par' dir='ltr' id='par_1_7' title="bbox 121 1806 834 2145">
     <span class='ocr_line' id='line_1_19' title="bbox 121 1806 741 1867; baseline 0.005 -10"><span class='ocrx_word' id='word_1_80' title='bbox 121 1806 171 1858; x_wconf 75' lang='lat'><strong>88⁰</strong></span> <span class='ocrx_word' id='word_1_81' title='bbox 181 1806 309 1856; x_wconf 84' lang='lat' dir='ltr'><strong>Blandita</strong></span> <span class='ocrx_word' id='word_1_82' title='bbox 319 1806 407 1867; x_wconf 73' lang='lat' dir='ltr'><strong>r&#39;trltu,</strong></span> <span class='ocrx_word' id='word_1_83' title='bbox 419 1809 493 1855; x_wconf 80' lang='lat' dir='ltr'><strong>sorte</strong></span> <span class='ocrx_word' id='word_1_84' title='bbox 505 1810 664 1857; x_wconf 84' lang='lat' dir='ltr'><strong>contentum</strong></span> <span class='ocrx_word' id='word_1_85' title='bbox 675 1823 741 1861; x_wconf 80' lang='lat' dir='ltr'><strong>mea</strong></span> 
     </span>
     <span class='ocr_line' id='line_1_20' title="bbox 181 1874 760 1940; baseline 0.007 -15"><span class='ocrx_word' id='word_1_86' title='bbox 181 1875 241 1926; x_wconf 75' lang='lat' dir='ltr'><strong>Alte</strong></span> <span class='ocrx_word' id='word_1_87' title='bbox 253 1874 386 1935; x_wconf 81' lang='lat' dir='ltr'><strong>extulisti,</strong></span> <span class='ocrx_word' id='word_1_88' title='bbox 397 1874 505 1940; x_wconf 78' lang='lat' dir='ltr'><strong>gravius</strong></span> <span class='ocrx_word' id='word_1_89' title='bbox 517 1879 548 1923; x_wconf 91' lang='lat' dir='ltr'><strong>ut</strong></span> <span class='ocrx_word' id='word_1_90' title='bbox 558 1889 667 1925; x_wconf 88' lang='lat' dir='ltr'><strong>ruerem</strong></span> <span class='ocrx_word' id='word_1_91' title='bbox 680 1876 760 1929; x_wconf 87' lang='lat' dir='ltr'><strong>edita</strong></span> 
     </span>
     <span class='ocr_line' id='line_1_21' title="bbox 180 1942 834 2008; baseline 0.009 -15"><span class='ocrx_word' id='word_1_92' title='bbox 180 1942 317 2007; x_wconf 78' lang='lat' dir='ltr'><strong>Receptus</strong></span> <span class='ocrx_word' id='word_1_93' title='bbox 330 1956 406 2003; x_wconf 86' lang='lat' dir='ltr'><strong>arce,</strong></span> <span class='ocrx_word' id='word_1_94' title='bbox 417 1947 512 2008; x_wconf 89' lang='lat' dir='ltr'><strong>totque</strong></span> <span class='ocrx_word' id='word_1_95' title='bbox 523 1943 708 2008; x_wconf 81' lang='lat' dir='ltr'><strong>prospicerem</strong></span> <span class='ocrx_word' id='word_1_96' title='bbox 720 1949 834 2002; x_wconf 70' lang='lat' dir='ltr'><strong>metusi</strong></span> 
     </span>
     <span class='ocr_line' id='line_1_22' title="bbox 179 2010 782 2075; baseline 0.013 -15"><span class='ocrx_word' id='word_1_97' title='bbox 179 2011 278 2060; x_wconf 82' lang='lat' dir='ltr'><strong>illelius</strong></span> <span class='ocrx_word' id='word_1_98' title='bbox 289 2010 408 2061; x_wconf 87' lang='lat' dir='ltr'><strong>latebam</strong></span> <span class='ocrx_word' id='word_1_99' title='bbox 417 2010 513 2075; x_wconf 89' lang='lat' dir='ltr'><strong>procul</strong></span> <span class='ocrx_word' id='word_1_100' title='bbox 523 2011 556 2061; x_wconf 86' lang='lat' dir='ltr'><strong>ab</strong></span> <span class='ocrx_word' id='word_1_101' title='bbox 567 2011 685 2064; x_wconf 74' lang='lat' dir='ltr'><strong>invidiae</strong></span> <span class='ocrx_word' id='word_1_102' title='bbox 698 2017 782 2068; x_wconf 81' lang='lat' dir='ltr'><strong>malis</strong></span> 
     </span>
     <span class='ocr_line' id='line_1_23' title="bbox 180 2079 703 2145; baseline 0.004 -16"><span class='ocrx_word' id='word_1_103' title='bbox 180 2079 312 2129; x_wconf 81' lang='lat' dir='ltr'><strong>Remotus</strong></span> <span class='ocrx_word' id='word_1_104' title='bbox 322 2079 393 2127; x_wconf 89' lang='lat' dir='ltr'><strong>inter</strong></span> <span class='ocrx_word' id='word_1_105' title='bbox 403 2079 507 2128; x_wconf 90' lang='lat' dir='ltr'><strong>Corsici</strong></span> <span class='ocrx_word' id='word_1_106' title='bbox 516 2093 597 2145; x_wconf 89' lang='lat' dir='ltr'><strong>rupes</strong></span> <span class='ocrx_word' id='word_1_107' title='bbox 609 2083 703 2144; x_wconf 85' lang='lat' dir='ltr'><strong>maris,</strong></span> 
     </span>
    </p>

    <p class='ocr_par' dir='ltr' id='par_1_8' title="bbox 120 2146 667 2199">
     <span class='ocr_line' id='line_1_24' title="bbox 120 2146 667 2199; baseline -0.004 0"><span class='ocrx_word' id='word_1_108' title='bbox 120 2148 171 2199; x_wconf 73' lang='lat'><strong>385</strong></span> <span class='ocrx_word' id='word_1_109' title='bbox 181 2147 232 2198; x_wconf 88' lang='lat' dir='ltr'><strong>Ubi</strong></span> <span class='ocrx_word' id='word_1_110' title='bbox 241 2146 310 2196; x_wconf 88' lang='lat' dir='ltr'><strong>liber</strong></span> <span class='ocrx_word' id='word_1_111' title='bbox 321 2146 424 2196; x_wconf 85' lang='lat' dir='ltr'><strong>animus</strong></span> <span class='ocrx_word' id='word_1_112' title='bbox 436 2151 464 2197; x_wconf 93' lang='lat' dir='ltr'><strong>et</strong></span> <span class='ocrx_word' id='word_1_113' title='bbox 474 2146 516 2196; x_wconf 84' lang='lat' dir='ltr'><strong>sui</strong></span> <span class='ocrx_word' id='word_1_114' title='bbox 525 2148 590 2198; x_wconf 85' lang='lat' dir='ltr'><strong>iuris</strong></span> <span class='ocrx_word' id='word_1_115' title='bbox 601 2147 667 2198; x_wconf 89' lang='lat' dir='ltr'><strong>mihi</strong></span> 
     </span>
    </p>

    <p class='ocr_par' dir='ltr' id='par_1_9' title="bbox 118 2214 765 2285">
     <span class='ocr_line' id='line_1_25' title="bbox 181 2214 765 2281; baseline 0.002 -11.903"><span class='ocrx_word' id='word_1_116' title='bbox 181 2214 296 2281; x_wconf 85' lang='lat' dir='ltr'><strong>Semper</strong></span> <span class='ocrx_word' id='word_1_117' title='bbox 306 2215 436 2277; x_wconf 74' lang='lat' dir='ltr'><strong>vacabat,</strong></span> <span class='ocrx_word' id='word_1_118' title='bbox 447 2215 537 2265; x_wconf 87' lang='lat' dir='ltr'><strong>studia</strong></span> <span class='ocrx_word' id='word_1_119' title='bbox 547 2217 679 2267; x_wconf 85' lang='lat' dir='ltr'><strong>recolenti</strong></span> <span class='ocrx_word' id='word_1_120' title='bbox 690 2233 765 2270; x_wconf 84' lang='lat' dir='ltr'><strong>mea.</strong></span> 
     </span>
    </p>

    <p class='ocr_par' dir='ltr' id='par_1_10' title="bbox 43 2282 782 2355">
     <span class='ocr_line' id='line_1_26' title="bbox 43 2282 782 2355; baseline 0.005 -19"><span class='ocrx_word' id='word_1_121' title='bbox 43 2324 48 2336; x_wconf 83' lang='lat'>.</span> <span class='ocrx_word' id='word_1_122' title='bbox 128 2292 133 2303; x_wconf 89' lang='grc'><strong>“</strong></span> <span class='ocrx_word' id='word_1_123' title='bbox 156 2320 163 2355; x_wconf 93' lang='lat'><strong>·.</strong></span> <span class='ocrx_word' id='word_1_124' title='bbox 179 2284 204 2336; x_wconf 87' lang='grc'><strong>0</strong></span> <span class='ocrx_word' id='word_1_125' title='bbox 216 2298 296 2352; x_wconf 85' lang='lat' dir='ltr'><strong>quam</strong></span> <span class='ocrx_word' id='word_1_126' title='bbox 304 2282 429 2346; x_wconf 84' lang='lat' dir='ltr'><strong>iurabat,</strong></span> <span class='ocrx_word' id='word_1_127' title='bbox 440 2299 493 2350; x_wconf 90' lang='lat' dir='ltr'><strong>quo</strong></span> <span class='ocrx_word' id='word_1_128' title='bbox 504 2282 569 2334; x_wconf 87' lang='lat' dir='ltr'><strong>nihil</strong></span> <span class='ocrx_word' id='word_1_129' title='bbox 579 2286 666 2337; x_wconf 88' lang='lat' dir='ltr'><strong>maius</strong></span> <span class='ocrx_word' id='word_1_130' title='bbox 679 2303 782 2353; x_wconf 83' lang='lat' dir='ltr'><strong>parens</strong></span> 
     </span>
    </p>

    <p class='ocr_par' dir='ltr' id='par_1_11' title="bbox 128 2348 763 2419">
     <span class='ocr_line' id='line_1_27' title="bbox 128 2348 763 2419; baseline 0.014 -22"><span class='ocrx_word' id='word_1_131' title='bbox 128 2348 162 2401; x_wconf 89' lang='lat'>..&#39;··</span> <span class='ocrx_word' id='word_1_132' title='bbox 178 2352 287 2405; x_wconf 86' lang='lat' dir='ltr'><strong>Natura</strong></span> <span class='ocrx_word' id='word_1_133' title='bbox 295 2353 402 2419; x_wconf 83' lang='lat' dir='ltr'><strong>genuit,</strong></span> <span class='ocrx_word' id='word_1_134' title='bbox 415 2353 505 2418; x_wconf 83' lang='lat' dir='ltr'><strong>operis</strong></span> <span class='ocrx_word' id='word_1_135' title='bbox 514 2353 638 2405; x_wconf 72' lang='lat' dir='ltr'><strong>lennensi</strong></span> <span class='ocrx_word' id='word_1_136' title='bbox 649 2355 763 2419; x_wconf 80' lang='lat' dir='ltr'><strong>artifex,</strong></span> 
     </span>
    </p>
   </div>
   <div class='ocr_carea' id='block_1_7' title="bbox 71 2421 872 2753">
    <p class='ocr_par' dir='ltr' id='par_1_12' title="bbox 71 2421 872 2753">
     <span class='ocr_line' id='line_1_28' title="bbox 180 2421 762 2488; baseline 0 -13"><span class='ocrx_word' id='word_1_137' title='bbox 180 2421 296 2475; x_wconf 82' lang='lat' dir='ltr'><strong>coslum</strong></span> <span class='ocrx_word' id='word_1_138' title='bbox 304 2422 418 2482; x_wconf 85' lang='lat' dir='ltr'><strong>intueri,</strong></span> <span class='ocrx_word' id='word_1_139' title='bbox 429 2421 493 2472; x_wconf 82' lang='lat' dir='ltr'><strong>solis</strong></span> <span class='ocrx_word' id='word_1_140' title='bbox 506 2427 534 2472; x_wconf 91' lang='lat' dir='ltr'><strong>et</strong></span> <span class='ocrx_word' id='word_1_141' title='bbox 547 2438 641 2474; x_wconf 86' lang='lat' dir='ltr'><strong>cursus</strong></span> <span class='ocrx_word' id='word_1_142' title='bbox 654 2439 762 2488; x_wconf 86' lang='lat' dir='ltr'><strong>sacros,</strong></span> 
     </span>
     <span class='ocr_line' id='line_1_29' title="bbox 181 2488 783 2558; baseline -0.002 -13"><span class='ocrx_word' id='word_1_143' title='bbox 181 2488 331 2558; x_wconf 74' lang='lat' dir='ltr'><strong>Muciique</strong></span> <span class='ocrx_word' id='word_1_144' title='bbox 341 2494 444 2550; x_wconf 87' lang='lat' dir='ltr'><strong>motus,</strong></span> <span class='ocrx_word' id='word_1_145' title='bbox 456 2489 518 2540; x_wconf 87' lang='lat' dir='ltr'><strong>salis</strong></span> <span class='ocrx_word' id='word_1_146' title='bbox 530 2496 558 2541; x_wconf 91' lang='lat' dir='ltr'><strong>et</strong></span> <span class='ocrx_word' id='word_1_147' title='bbox 568 2491 687 2544; x_wconf 84' lang='lat' dir='ltr'><strong>alternas</strong></span> <span class='ocrx_word' id='word_1_148' title='bbox 697 2494 783 2558; x_wconf 73' lang='lat' dir='ltr'><strong>sices,</strong></span> 
     </span>
     <span class='ocr_line' id='line_1_30' title="bbox 71 2426 872 2753; baseline -0.005 -135"><span class='ocrx_word' id='word_1_149' title='bbox 71 2426 581 2753; x_wconf 54' lang='lat' dir='ltr'><strong>&#39;helquel’hoebesffltra</strong></span> <span class='ocrx_word' id='word_1_150' title='bbox 588 2575 671 2621; x_wconf 60' lang='lat' dir='ltr'><strong>quem</strong></span> <span class='ocrx_word' id='word_1_151' title='bbox 678 2563 872 2629; x_wconf 53' lang='lat' dir='ltr'><strong>cingente-aga</strong></span> 
     </span>
    </p>
   </div>
   <div class='ocr_carea' id='block_1_8' title="bbox 221 2623 784 2713">
    <p class='ocr_par' dir='ltr' id='par_1_13' title="bbox 221 2623 784 2713">
     <span class='ocr_line' id='line_1_31' title="bbox 221 2623 784 2713; baseline -0.059 -15"><span class='ocrx_word' id='word_1_152' title='bbox 221 2640 311 2713; x_wconf 73' lang='lat' dir='ltr'><strong>teque</strong></span> <span class='ocrx_word' id='word_1_153' title='bbox 321 2631 438 2706; x_wconf 75' lang='lat' dir='ltr'><strong>fulgens</strong></span> <span class='ocrx_word' id='word_1_154' title='bbox 444 2624 569 2681; x_wconf 60' lang='lat' dir='ltr'><strong>aetheris</strong></span> <span class='ocrx_word' id='word_1_155' title='bbox 576 2625 675 2688; x_wconf 55' lang='lat' dir='ltr'><strong>magni</strong></span> <span class='ocrx_word' id='word_1_156' title='bbox 682 2623 784 2670; x_wconf 55' lang='lat' dir='ltr'><strong>necuit</strong></span> 
     </span>
    </p>
   </div>
   <div class='ocr_carea' id='block_1_9' title="bbox 0 0 934 2970">
    <p class='ocr_par' dir='ltr' id='par_1_14' title="bbox 0 0 934 2970">
     <span class='ocr_line' id='line_1_32' title="bbox 0 0 934 2970; baseline 0 2"><span class='ocrx_word' id='word_1_157' title='bbox 0 0 934 2970; x_wconf 95' lang='lat' dir='ltr'><strong> </strong></span> 
     </span>
    </p>
   </div>
  </div>
 </body>
</html>
