1860 2970
257 158 445 208 oc'rAvla.
465 160 540 212 acT.
552 162 584 212 V.

36 255 187 307 ,utexiiium
198 270 227 308 re
247 257 290 307 'na
299 257 382 319 iubet,

37 326 45 373 i
57 321 123 372 mihi
133 324 215 372 vitam
238 331 313 374 racta
323 326 436 376 remittit

36 393 73 442 'ot
82 391 136 440 iam
145 393 244 441 nostris
257 398 284 442 et
294 393 465 444 victamaiis!

36 459 45 508 i
56 457 139 509 caede
149 471 211 508 mea
220 459 354 510 cumulare
364 468 444 524 parat

36 530 120 576 'uetus
129 531 251 576 nostros:
261 527 362 577 invidet
373 529 454 577 etiam

36 606 70 643 rur
79 593 106 641 in
117 594 205 657 patria
215 592 279 642 mihi
288 608 370 644 saeva
379 594 464 645 morit

36 659 70 710 ed
79 659 134 709 iam
144 674 206 726 spes
217 665 258 711 est
267 661 339 710 nulla
348 661 454 712 salutis:

36 727 121 777 'ratris
133 741 214 777 cerno
225 728 376 778 miseranda
386 734 480 780 ratem.

36 795 92 844 [aec
103 799 157 856 est,
170 796 244 845 cuius
255 801 334 847 vecta
345 797 436 845 carina

36 860 156 920 ,nondam
166 862 294 927 genitrix,
306 877 376 911 nunc
387 869 414 913 et
423 861 547 916 thalamis

36 942 55 977 ι
74 927 133 978 uisa
143 942 221 979 soror
232 928 384 980 miseranda
393 926 483 980 vehar.

36 994 39 1002 '
76 1008 122 1044 um
131 994 224 1047 Pietas
233 1010 305 1048 nune
314 1010 411 1048 numen
421 995 512 1062 habet,

36 1062 72 1114 'ee
82 1067 145 1112 aunt
155 1060 266 1129 Superi,

37 1134 119 1197 egnat
128 1131 227 1181 mundo
238 1132 322 1182 tristis
332 1132 457 1199 Erinnys.

36 1199 149 1255 ‚uismea
160 1197 185 1247 di
223 1197 348 1251 edeflere
358 1206 451 1268 potest

36 1263 103 1315 [alai
113 1279 181 1330 quae
203 1268 308 1318 acrimir
318 1269 417 1320 nouum
428 1275 538 1336 quantur

37 1331 118 1384 eddet
129 1332 233 1382 aedon?
244 1337 318 1385 cuius
329 1351 430 1400 pennas

36 1400 122 1449 tinam
131 1400 245 1450 miserae
256 1400 320 1449 mihi
329 1402 400 1450 Fata
410 1401 516 1452 darent!

36 1479 146 1533 ugerem
156 1465 243 1517 luctus
254 1465 345 1516 ablata
353 1479 429 1514 meos

37 1547 108 1585 emra
117 1533 233 1594 volucri,
243 1532 338 1597 procul
348 1537 375 1582 et
381 1536 480 1583 eoetua

36 1601 159 1653 lominum
169 1601 273 1660 tristes,
285 1598 448 1664 caedemque
465 1596 560 1650 ieram.

36 1668 115 1721 elain
124 1681 210 1718 vacuo
221 1681 345 1727 nemore,
354 1672 383 1717 et
391 1666 466 1716 tenui

36 1749 98 1787 amo
108 1734 240 1800 pendens,
251 1733 362 1800 querulo
372 1747 480 1798 possem

36 1807 132 1852 vutture
141 1807 276 1852 moestum
292 1800 405 1851 fundere
413 1813 541 1855 murmur.

36 1882 115 1920 riori.
125 1869 237 1935 Regitur
247 1868 311 1918 fatis
320 1867 433 1918 mortale
443 1881 537 1933 genus,

38 1951 71 1988 ec
81 1936 133 1986 sibi
143 1936 285 2002 quidquam
295 1933 427 2001 spondere
437 1937 529 2001 potest

36 2007 133 2055 irmum
143 2008 171 2053 et
181 2002 289 2053 stabile:

36 2086 68 2122 er
77 2083 146 2137 quae
158 2084 236 2120 casus
247 2069 331 2120 volvit
338 2071 429 2120 varios

36 2151 128 2203 emper
138 2137 215 2187 nobis
224 2138 369 2200 metuenda
379 2137 444 2188 dies.

36 2207 138 2255 nimum
147 2205 254 2255 firment
263 2204 386 2273 exempla
395 2212 478 2267 tuum,

36 2272 165 2323 immulta
174 2271 268 2322 domus
278 2288 347 2339 quae
357 2280 447 2324 restra
456 2272 525 2323 tulit.

36 2339 87 2401 [uid
98 2340 203 2390 saevior
212 2344 254 2388 est
262 2339 384 2390 Fortuna
393 2337 458 2390 abit

36 2409 59 2457 'u
68 2403 133 2456 mihi
143 2407 258 2472 primum

36 2475 206 2524 'otnatorum
214 2471 388 2523 memoranda
397 2484 504 2537 parem,

36 2539 89 2597 sata
97 2540 244 2607 Agrippae,
255 2555 336 2590 nurus
346 2540 468 2607 Augusti,

37 2608 140 2659 aarum
148 2622 231 2672 uxor,
243 2606 318 2662 euim
327 2620 426 2663 nomen
