1860 2970
130 192 173 263 zos
306 191 340 243 u.
367 184 523 243 ananei
550 189 742 258 sunnone

189 295 293 356 Metus,
305 294 462 360 Pavorque,
473 294 578 355 Funus,
590 300 618 345 et
628 293 755 344 frendens
764 293 867 358 Dolor,

72 410 81 419 ,
189 365 307 428 Aterque
317 361 423 412 Luctus
434 363 568 427 sequitur,
580 368 608 412 et
616 362 729 412 Morbus
741 368 867 426 tremens,

131 431 181 483 695
189 433 225 482 Et
237 433 326 482 cincta
336 429 409 481 ferro
420 428 511 492 Bella3
522 430 550 479 in
561 435 683 480 extremo
696 430 789 481 abdita

190 501 266 551 Iners
278 496 409 550 Senectus
421 498 531 548 adiuvat
540 496 637 548 baculo
648 498 771 562 gradum.

189 580 277 618 nuru.
288 568 372 618 Estne
379 566 468 633 aliqua
479 565 558 617 tellus
565 567 670 616 Cereris
677 565 867 620 autssaechifo

190 648 276 685 runo.
296 634 358 686 Non
368 640 448 701 prata
456 634 534 684 viridi
544 634 618 684 laeta
627 633 697 686 facie
709 637 861 700 gernuuant

190 703 248 756 Nec
260 702 353 753 adulta
362 703 416 753 lani
426 701 543 753 fluctuat
553 700 681 768 Zephyro
693 716 786 768 segem

131 773 182 822 7⁰⁰
189 772 251 823 Non
262 771 316 822 ulla
326 785 417 821 ramos
427 771 495 821 silve
506 769 655 836 pomiferos
665 768 762 821 habet:

189 839 295 891 Sterilio
314 838 440 906 profundi
451 840 565 890 vastitas
576 839 682 904 squalet
692 838 757 900 soli,

189 910 226 960 Et
235 907 317 959 foeda
326 907 404 959 tellus
415 913 508 974 torpet
517 912 628 958 aeterno
640 908 707 968 situ,

189 977 343 1043 Rerumque
355 981 474 1027 moestus
486 977 586 1027 finiret
595 975 687 1024 mundi
697 973 805 1036 ultima3

190 1044 321 1095 immotus
333 1048 381 1096 etr
391 1043 500 1107 haeret,
513 1050 541 1096 et
552 1045 630 1110 pigro
643 1043 721 1093 sedet

131 1112 182 1164 ’(05
192 1111 253 1163 Nox
264 1119 325 1162 atra
334 1112 448 1176 muud03
462 1119 561 1164 cuncta
571 1126 696 1162 moerore
707 1108 826 1173 horrida,

191 1182 307 1248 lpraqu'e
318 1181 408 1231 Morte
419 1182 497 1247 peior
507 1186 550 1232 est
559 1180 658 1231 Mortis
668 1179 753 1229 locus.

191 1262 292 1299 nuru.
312 1245 399 1310 Quint
408 1249 467 1312 ille,
481 1264 569 1315 opaca
580 1249 626 1315 qui
635 1249 706 1314 regit
718 1253 828 1313 sceptro
839 1247 866 1299 lo

192 1317 254 1378 Qua
264 1317 329 1368 sede
341 1317 446 1382 ponitus
457 1323 593 1385 temperat
604 1316 719 1383 populos
730 1314 822 1366 lovesl

191 1399 260 1436 une
268 1398 291 1436 s.
309 1386 396 1436 Estin
407 1400 518 1438 recessu
530 1386 641 1438 Tartari
652 1383 769 1436 obscuro
780 1383 867 1447 locus²

132 1456 184 1507 710
194 1453 282 1516 Quem
292 1454 419 1520 gravibus
430 1455 532 1506 umbris
543 1456 631 1522 spissa
641 1453 728 1520 caligo
741 1453 852 1520 adligat.

191 1521 298 1574 Alonte
309 1523 413 1575 discors
424 1529 518 1574 manet
526 1522 590 1575 hino
599 1537 654 1572 uno
665 1521 753 1572 latex:

191 1591 266 1641 Alter
277 1592 369 1658 quieto
380 1591 474 1642 similis
485 1591 574 1654 (hunc
583 1593 674 1641 iurant
685 1589 727 1640 dei
734 1593 760 1653 )‚

192 1661 314 1711 Tacente
325 1675 432 1711 sacram
442 1659 577 1712 devehens
583 1659 664 1710 tlurio
678 1657 778 1725 Styga:

191 1729 227 1778 At
236 1726 281 1778 hic
290 1729 408 1779 nmiuitu
417 1730 524 1794 rapitur
533 1729 637 1795 ingenti
648 1726 740 1787 ferox,

132 1794 182 1845 715
193 1796 230 1846 lrlt
239 1809 307 1846 saxa
316 1795 400 1848 fluctu
409 1796 507 1859 volvit,
517 1794 656 1858 Acheron,
667 1795 755 1846 invius

192 1863 364 1931 Renarigari.
385 1864 507 1930 Cingitur
517 1864 618 1929 duplici
627 1863 699 1914 rado

122 1948 127 1955 ·
190 1932 310 1983 Adversa
321 1932 392 1983 Ditis
402 1933 493 1999 regie,
505 1937 587 2000 atque
597 1933 692 2000 ingens
703 1931 799 1982 domus

192 2000 340 2052 Umbrante
350 2001 413 2052 luco
424 2002 534 2068 tegitur.
552 2001 606 2052 Hic
617 2007 695 2052 vasto
706 2015 790 2066 specu

192 2069 316 2120 Pendent
324 2068 435 2136 tyranni
443 2070 548 2134 liurina3
564 2068 617 2121 hac
627 2070 729 2121 umbris
740 2069 807 2132 iter3

133 2136 184 2186 '12⁰
190 2138 269 2188 Haec
280 2142 361 2204 porta
371 2138 457 2205 regni.
476 2134 593 2204 Campus
605 2136 676 2188 hanc
687 2138 760 2188 circa
770 2137 857 2198 iacet,

191 2205 223 2256 ln
234 2220 287 2272 quo
299 2206 417 2273 superbo
429 2205 456 2257 di
477 2207 529 2257 erit
538 2206 615 2256 vultu
625 2205 723 2257 sedens

191 2274 299 2325 Animas
310 2280 443 2326 recentes.
488 2274 530 2324 ira
539 2275 669 2325 maiestas
680 2272 746 2333 deo,

192 2341 280 2393 Frons
291 2348 383 2404 torva,
393 2341 510 2393 fratrum
521 2354 590 2407 quae
601 2347 693 2392 tamen
703 2343 822 2407 speeiem
833 2355 867 2410 ge

195 2409 344 2476 (lentisque
355 2414 461 2460 tantae:
471 2408 561 2459 vultus
572 2415 614 2460 est
624 2410 660 2460 illi
672 2410 754 2470 lovis,

132 2475 184 2529 m
195 2475 251 2528 Sed
259 2476 434 2527 lulnriuentis.
450 2476 553 2542 Magne
564 2491 627 2543 paro
637 2479 714 2544 regni
724 2479 809 2527 trucis

192 2546 245 2597 Est
253 2545 313 2609 ipse
323 2543 463 2606 dontinus,
474 2544 550 2595 ouius
560 2544 719 2611 adspectum
731 2547 822 2608 timet,

192 2611 330 2679 Quidquid
340 2613 460 2663 timetur.
478 2626 564 2664 nuru.
571 2613 680 2666 Verane
690 2619 732 2665 ost
741 2612 824 2678 fania,
836 2616 866 2665 ln

139 2740 144 2747 ⁵
163 2702 166 2708 ·
193 2682 263 2731 Tem
274 2695 336 2732 sera
344 2680 423 2732 reddi
432 2682 506 2748 iura,
517 2687 546 2734 et
555 2682 655 2735 oblitos
665 2684 707 2734 sui
785 2696 790 2703 ¹
