1860 2970
49 88 121 194 ¹soo
249 129 283 182 1..
317 122 690 182 sunnmaunrcsn
767 102 776 113 ’

129 237 183 290 Par
194 246 280 302 paene
291 231 401 284 summis
412 229 536 282 turbidus
546 229 620 282 silvis
631 239 701 287 erat.

130 305 259 356 Transire
270 300 372 353 Nessus
383 301 515 351 vorticem
524 299 622 351 solitus
632 300 712 354 vadis

70 372 121 425 500
131 372 253 425 Pretium
264 368 403 436 poposcit3
414 383 512 436 meque
521 368 576 418 iem
587 368 670 420 dorso
683 369 783 434 ferens,

129 442 192 504 Qua
200 441 289 506 iungit
297 437 434 489 hominem
444 438 523 503 spina
532 436 663 489 deficiens
675 453 757 506 equo,

129 507 285 576 Frangebat
294 507 368 574 ipsas
383 504 498 557 ilunrinis
509 505 605 556 tumidi
616 508 716 559 minas.

129 579 188 629 lam
198 582 273 626 totus
282 575 362 625 undis
371 572 474 625 Nessus
486 575 591 626 exierat
600 573 692 638 ferox,

129 643 277 712 Mediaque
287 641 378 693 adhuc·
386 642 496 694 emebat
505 642 612 694 Alcides
620 644 705 706 rado,
798 674 804 683 ·

71 715 123 767 510
132 714 219 765 Vasto
231 724 359 778 rapacem
369 710 501 761 vorticem
510 709 636 763 scindens
645 710 743 779 gradu.

129 783 179 833 Ast
186 780 231 831 ille
241 784 272 830 ut
283 793 342 830 esse
352 777 421 828 tidit
427 777 538 829 Alciden
547 778 657 846 procul:

131 850 195 914 „To
205 846 308 916 praede
317 845 425 943 000ὶῖρί
435 845 534 913 inquit,
544 850 592 908 „et
601 848 703 899 coniux
714 830 809 927 en’siffi

132 916 297 970 Prohibetur
305 902 398 966 undid.
408 927 506 982 meque
517 915 674 982 complexus
686 917 778 968 ferens

134 987 266 1040 Gressum
276 983 387 1053 citabat.
421 980 485 1034 Non
499 988 592 1035 tenent
607 984 698 1037 undae
713 983 849 1039 Herculea

73 1056 123 1110 515
134 1053 238 1118 „infide
249 1053 376 1114 rector‚“
386 1050 486 1117 inquit,
498 1087 515 1114 ‚‚
525 1051 640 1104 immixti
649 1053 717 1107 iicet

135 1125 244 1190 Ganges
255 1125 284 1173 et
291 1120 363 1171 Ister
372 1119 486 1172 vallibus
496 1121 595 1172 iunctis
606 1126 679 1184 eant,

133 1192 280 1244 vincemus
291 1187 386 1251 ambo;
398 1196 550 1256 consequar
561 1188 615 1241 telo
627 1189 721 1257 iugum
729 1191 755 1242 !“

132 1257 289 1314 Praecessit
299 1271 379 1308 arcus
389 1256 481 1308 verba
516 1257 582 1308 Cum
593 1256 705 1324 longum
715 1259 805 1312 ierem

134 1318 242 1380 Ainundo
253 1324 348 1379 vulnus
359 1326 447 1377 tenuit
457 1323 614 1378 haerentem
623 1326 727 1393 fugam,

75 1397 307 1462 morientemque
319 1393 391 1444 fixit:
403 1393 463 1456 iile,
472 1395 527 1445 iam
538 1410 669 1462 quaerens
682 1395 762 1460 diem,

136 1464 242 1517 Tabnm
253 1462 381 1514 fluentem
391 1462 508 1514 vulneris
519 1463 615 1514 deutra
626 1465 739 1531 excipit,

136 1533 287 1650 Traditpuc
296 1531 374 1583 nobis
384 1531 501 1598 ungulae
512 1533 643 1583 insertum
652 1548 728 1595 suae,

135 1603 223 1665 Quam
247 1605 309 1652 orte
317 1615 399 1651 sueva
409 1600 529 1652 sciderat
539 1600 659 1653 avulsam
669 1616 752 1652 manu

134 1672 206 1720 Tum
216 1669 422 1721 verbamoriens
429 1669 512 1720 addit.
531 1670 640 1733 „Hoe,“
651 1671 749 1739 inquit,
761 1681 853 1740 „magu

75 1738 125 1790 525
136 1739 237 1790 Dixere
248 1752 368 1789 amorem
377 1753 458 1806 posse
470 1737 551 1806 defigi
561 1739 652 1799 melo,
757 1753 762 1759 ·

136 1808 198 1857 Hoc
210 1806 292 1857 docta
301 1807 411 1872 Mycale
422 1805 568 1859 Thessalas
579 1807 673 1858 docuit
683 1823 776 1870 nurus,

135 1877 222 1926 Unam
232 1876 303 1927 inter
313 1890 406 1926 omnes
416 1875 480 1926 iuna
490 1891 571 1943 quam
582 1877 708 1943 sequitur
717 1891 812 1946 magas

136 1944 220 1993 Astiis
231 1942 340 1994 relictis.
374 1944 458 1995 illitas
468 1950 558 1995 vestes
569 1944 646 1996 dabis

135 2011 212 2072 Hac,
223 2010 322 2075 inquit,
333 2012 393 2076 ipsa
402 2013 479 2076 tabe,
490 2015 513 2063 si
524 2013 686 2078 pellextuos

77 2079 127 2131 530
137 2079 227 2131 invise
236 2075 371 2129 thalamos
381 2080 485 2143 tulerit,
497 2086 524 2131 et
535 2082 633 2133 coniux
645 2082 713 2133 levis

136 2147 221 2198 Aliam
232 2147 339 2211 parenti
349 2147 454 2200 dederit
463 2149 580 2201 altisono
591 2164 697 2201 nurum.

136 2216 198 2266 Hoc
209 2213 282 2265 nulla
289 2213 337 2264 iux
349 2215 494 2284 adspiciat,
505 2216 558 2269 hoc
568 2218 699 2272 tenebrae
710 2226 808 2289 tegant

137 2285 256 2334 Tantum
266 2288 400 2335 remotae:
412 2285 452 2335 sic
463 2292 559 2352 potens
572 2288 643 2338 vires
654 2303 719 2339 suas

136 2350 251 2420 Sanguis
262 2353 392 2403 tenebit.“
410 2354 502 2406 Verba
515 2354 658 2422 deprendit
668 2358 756 2423 quies,

76 2419 126 2472 535
137 2421 308 2487 Montemque
318 2420 396 2472 lassis
405 2421 496 2475 intulit
505 2424 631 2476 membris
643 2439 737 2491 sopor.

137 2490 193 2552 Tu,
205 2504 284 2556 quam
295 2490 362 2540 meis
373 2490 491 2541 admittit
502 2493 607 2543 arcanis
618 2492 697 2556 fides,

132 2559 240 2630 Perge,
252 2563 284 2609 ut
292 2559 412 2609 nitentes
417 2559 627 2609 nirnsinnestes
634 2560 730 2614 datum

129 2633 266 2688 Mentem
276 2644 328 2702 ner
340 2634 419 2681 artus
428 2625 771 2686 adeamttusm'mdmus
