1860 2970
275 142 429 215 munus.
463 132 543 195 ucu
571 141 603 195 v.
792 147 841 200 25³
893 219 898 227 ,

47 246 335 311 Quidnuncmoraris‚
347 243 452 297 ammei
473 243 537 313 quid
547 244 670 299 dubitari
688 247 781 304 Potes.

47 320 98 369 [nm
110 315 211 367 cecidit
219 316 269 365 ira.
305 312 627 381 Poenitetfscti,pudet.

47 385 126 448 Quid,
138 385 250 445 misera,
260 380 330 434 fecii
350 384 465 445 Misera,
477 384 617 449 poeniteat
627 385 699 450 lieet,

47 453 119 506 Feci!
132 481 165 490 -
178 451 315 518 Voluptas
325 466 425 518 magna
433 466 477 502 me
487 452 599 502 inritam
607 454 690 518 subit,
792 458 842 507 980

47 526 92 587 Et,
103 535 183 583 ecoe,
194 519 304 572 crescit¹
325 519 428 570 Deerat
439 517 491 570 hoc
503 535 585 570 unum
595 520 669 585 mihi,

47 591 191 658 Spectator
200 590 261 640 iste.
298 586 371 638 Nihil
382 586 470 639 adhuc
480 586 583 639 fuctum
593 604 669 642 reor·

47 657 182 726 Quidquid
192 658 249 708 sine
260 657 313 707 isto
325 656 438 707 fecimus
449 657 572 718 sceleris,
585 661 664 724 perit.

47 742 109 780 rus.
118 728 176 789 En,
186 727 247 793 ipsa
256 727 324 776 tecti
335 731 413 790 parte
425 726 566 792 praecipiti
577 728 710 780 imminet!

47 798 108 848 llue
117 795 227 862 rapisti
266 809 295 846 es
306 793 414 860 aliquis,
425 799 456 844 ut
467 792 581 845 flammis
593 796 675 847 cadet
695 846 699 855 ,
792 798 843 850 985

47 865 107 918 Suis
118 868 243 930 perusta.
264 876 343 913 usn.
355 864 478 931 Congere
490 869 640 914 extremum
651 866 706 917 tuis

47 935 158 996 Gnatis,
168 933 265 994 lason,
275 929 368 992 funus,
383 945 415 980 ao
426 931 559 981 tumulum
569 937 657 984 strue:

47 1003 151 1055 Coniux
162 1014 295 1067 socerque
303 1001 377 1050 iuste
386 1000 441 1050 iam
452 998 552 1049 functis
562 997 672 1065 habent,

48 1074 67 1122 Α
77 1085 122 1122 me
132 1069 239 1137 sepulti.
277 1068 382 1119 Gnatus
393 1066 437 1118 hio
448 1067 534 1118 fatum
544 1068 618 1132 tulit3

48 1141 102 1192 llio
110 1143 138 1191 te
147 1137 256 1189 vidente
267 1136 377 1187 dabitur
387 1136 471 1187 exitio
482 1137 549 1202 pari.
795 1142 845 1192 900

48 1221 110 1260 rus.
122 1206 177 1258 Per
185 1220 284 1257 numen
296 1219 388 1268 omne,
399 1220 501 1274 perque
512 1220 668 1258 communes
678 1205 766 1276 fuges,

48 1280 190 1342 'lotosque
196 1311 204 1338 ‚
216 1288 283 1342 quos
294 1289 349 1324 non
359 1279 454 1326 nostra
464 1275 576 1326 violarit
586 1276 664 1339 fides,

48 1347 103 1397 lam
113 1359 196 1412 parce
207 1342 285 1394 natoi
309 1341 337 1392 Si
349 1344 421 1410 quod
432 1350 474 1396 est
485 1344 600 1406 crimen,
610 1359 701 1397 meum
711 1354 765 1398 ests

48 1417 93 1467 Me
104 1413 175 1466 dedo
185 1414 281 1477 morti;
292 1413 402 1462 noxium
413 1418 504 1463 macta
515 1410 608 1477 caput!

48 1496 126 1535 uun.
137 1481 210 1545 Hac,
220 1495 398 1548 quereremus,
409 1478 781 1550 quadoles‚ferrumexigem!
797 1484 847 1536 990

48 1554 59 1604 l
69 1566 155 1614 nunc,
165 1550 296 1617 superbe,
306 1551 440 1617 virginum
451 1546 587 1599 thalamos
597 1546 673 1614 pete!

48 1621 124 1675 Relin
143 1634 178 1671 ue
188 1617 303 1670 matres!
324 1632 388 1668 ms.
398 1618 473 1669 Unus
484 1621 527 1668 est
536 1630 641 1682 poenae
653 1619 727 1670 satis.

48 1703 124 1742 uun.
156 1690 166 1739 i
176 1693 271 1756 posset
280 1701 335 1737 una
346 1685 429 1738 caede
440 1686 534 1737 satiari
543 1700 652 1735 manus:

48 1759 158 1810 Nullam
166 1758 288 1824 petisset.
324 1757 361 1806 Ut
371 1754 439 1805 duos
450 1755 694 1821 perimamrtamen

48 1824 168 1879 Nimium
179 1832 222 1877 est
233 1825 320 1876 dolori
331 1839 458 1876 numerus
469 1827 598 1890 angustus
611 1838 680 1875 meo.
779 1827 848 1875 1000

48 1897 78 1948 ln
88 1901 176 1947 matre
186 1896 210 1946 si
220 1894 294 1961 quod
304 1895 400 1961 pignus
412 1894 558 1945 etiamnum
568 1888 645 1956 lnt'et,

48 1963 200 2016 Scrutebor
210 1978 275 2015 ense
284 1964 404 2026 viscera,
415 1969 443 2014 et
452 1961 527 2012 ferro
539 1959 696 2023 extraham„

48 2047 111 2084 rns.
123 2033 180 2084 lam
191 2047 292 2100 pepege
304 2037 431 2098 coeptum
441 2028 546 2081 lacinus
557 2028 641 2093 (haud
650 2031 849 2098 ultrspreoor,)

48 2102 209 2169 Morumque
220 2101 316 2153 saltem
327 2101 455 2166 supplicis
467 2100 539 2151 dona
549 2101 625 2152 meis.

48 2183 126 2222 uun.
137 2169 283 2222 Perfruere
293 2170 491 2233 lentosoelere;
502 2184 536 2220 ne
546 2167 769 2235 propero,dolorl
781 2170 848 2219 1005

48 2240 127 2291 Meus
139 2238 196 2291 dies
209 2245 262 2291 est:
278 2244 400 2304 tempore
412 2245 525 2305 accepto
537 2239 644 2288 utimur.

48 2322 111 2358 rue.
122 2306 235 2372 Infesta,
245 2313 346 2360 memet
356 2307 471 2374 perime!
484 2320 562 2356 unu.
573 2306 699 2356 Misereri
707 2303 791 2357 iubes.

48 2377 124 2428 Beue
135 2382 191 2428 este
202 2384 343 2443 peractum
354 2381 403 2428 est.
422 2376 505 2427 Plura
515 2385 570 2425 non
580 2371 672 2434 habui,
685 2372 772 2435 dolor,

49 2447 127 2508 Quae
137 2446 187 2496 tibi
196 2445 312 2498 litarem.
347 2445 465 2495 Lumina
474 2443 529 2494 hue
537 2441 644 2492 tumido
654 2441 759 2504 adlevu,

49 2515 160 2581 ingrate
170 2514 264 2565 lason!
286 2515 434 2580 coniugem
445 2513 570 2580 agnoscis
581 2507 673 2562 tuaml
782 2511 850 2559 1010

50 2582 97 2634 Sic
107 2581 203 2649 lugere
214 2584 303 2636 soleo:
315 2585 403 2650 patuit
413 2583 439 2633 in
451 2579 556 2632 coelum
567 2579 625 2629 rie:

50 2649 208 2720 squamosa
216 2653 317 2722 gemini
328 2651 398 2703 oolla
408 2653 548 2717 serpentes
558 2649 622 2717 iugo
637 2666 660 2713 a.
698 2698 702 2703 .

537 2898 542 2915 l
628 2894 640 2920 -li
