<?xml version="1.0" encoding="UTF-8"?>
<!DOCTYPE html PUBLIC "-//W3C//DTD XHTML 1.0 Transitional//EN"
    "http://www.w3.org/TR/xhtml1/DTD/xhtml1-transitional.dtd">
<html xmlns="http://www.w3.org/1999/xhtml" xml:lang="en" lang="en">
 <head>
  <title>
</title>
<meta http-equiv="Content-Type" content="text/html;charset=utf-8" />
  <meta name='ocr-system' content='tesseract 3.04.00' />
  <meta name='ocr-capabilities' content='ocr_page ocr_carea ocr_par ocr_line ocrx_word'/>
</head>
<body>
  <div class='ocr_page' id='page_1' title='image "./tragoediaeadopt00senegoog_0174.png"; bbox 0 0 1860 2970; ppageno 0'>
   <div class='ocr_carea' id='block_1_1' title="bbox 280 173 860 231">
    <p class='ocr_par' dir='ltr' id='par_1_1' title="bbox 280 173 860 231">
     <span class='ocr_line' id='line_1_1' title="bbox 280 173 860 231; baseline 0.009 -5"><span class='ocrx_word' id='word_1_1' title='bbox 280 173 471 227; x_wconf 66' lang='lat' dir='ltr'><strong>oculeus,</strong></span> <span class='ocrx_word' id='word_1_2' title='bbox 505 175 593 228; x_wconf 80' lang='lat' dir='ltr'><strong>AGT.</strong></span> <span class='ocrx_word' id='word_1_3' title='bbox 612 177 659 229; x_wconf 88' lang='lat'>111.</span> <span class='ocrx_word' id='word_1_4' title='bbox 811 182 860 231; x_wconf 80' lang='lat'><strong>165</strong></span> 
     </span>
    </p>
   </div>
   <div class='ocr_carea' id='block_1_2' title="bbox 46 276 867 2534">
    <p class='ocr_par' dir='ltr' id='par_1_2' title="bbox 63 276 867 1576">
     <span class='ocr_line' id='line_1_2' title="bbox 64 276 665 345; baseline -0.002 -14"><span class='ocrx_word' id='word_1_5' title='bbox 64 293 141 331; x_wconf 77' lang='lat' dir='ltr'><strong>orn.</strong></span> <span class='ocrx_word' id='word_1_6' title='bbox 159 277 245 330; x_wconf 86' lang='lat' dir='ltr'><strong>Ulline</strong></span> <span class='ocrx_word' id='word_1_7' title='bbox 256 292 346 345; x_wconf 89' lang='lat' dir='ltr'><strong>poena</strong></span> <span class='ocrx_word' id='word_1_8' title='bbox 355 277 430 329; x_wconf 79' lang='lat' dir='ltr'><strong>vocis</strong></span> <span class='ocrx_word' id='word_1_9' title='bbox 442 291 586 345; x_wconf 81' lang='lat' dir='ltr'>expressae</span> <span class='ocrx_word' id='word_1_10' title='bbox 596 276 665 330; x_wconf 74' lang='lat' dir='ltr'><strong>butt</strong></span> 
     </span>
     <span class='ocr_line' id='line_1_3' title="bbox 65 347 708 417; baseline 0.005 -18"><span class='ocrx_word' id='word_1_11' title='bbox 65 364 115 399; x_wconf 87' lang='lat' dir='ltr'><strong>cn.</strong></span> <span class='ocrx_word' id='word_1_12' title='bbox 135 349 187 399; x_wconf 90' lang='lat' dir='ltr'><strong>Est</strong></span> <span class='ocrx_word' id='word_1_13' title='bbox 195 347 290 413; x_wconf 86' lang='lat' dir='ltr'><strong>procul</strong></span> <span class='ocrx_word' id='word_1_14' title='bbox 301 347 333 397; x_wconf 89' lang='lat' dir='ltr'><strong>ab</strong></span> <span class='ocrx_word' id='word_1_15' title='bbox 345 347 412 397; x_wconf 91' lang='lat' dir='ltr'><strong>urbe</strong></span> <span class='ocrx_word' id='word_1_16' title='bbox 422 347 500 398; x_wconf 92' lang='lat' dir='ltr'>lucus</span> <span class='ocrx_word' id='word_1_17' title='bbox 509 347 614 400; x_wconf 83' lang='lat' dir='ltr'>ilicibus</span> <span class='ocrx_word' id='word_1_18' title='bbox 623 349 708 417; x_wconf 82' lang='lat' dir='ltr'>niger,</span> 
     </span>
     <span class='ocr_line' id='line_1_4' title="bbox 63 415 565 482; baseline -0.01 -11"><span class='ocrx_word' id='word_1_19' title='bbox 63 419 185 471; x_wconf 84' lang='lat' dir='ltr'><strong>Dircaea</strong></span> <span class='ocrx_word' id='word_1_20' title='bbox 195 416 269 466; x_wconf 84' lang='lat' dir='ltr'><strong>circa</strong></span> <span class='ocrx_word' id='word_1_21' title='bbox 279 415 355 465; x_wconf 76' lang='lat' dir='ltr'><strong>vallis</strong></span> <span class='ocrx_word' id='word_1_22' title='bbox 365 416 483 482; x_wconf 82' lang='lat' dir='ltr'>irriguae</span> <span class='ocrx_word' id='word_1_23' title='bbox 496 415 565 466; x_wconf 82' lang='lat' dir='ltr'><strong>loca</strong></span> 
     </span>
     <span class='ocr_line' id='line_1_5' title="bbox 66 483 862 550; baseline 0 -14"><span class='ocrx_word' id='word_1_24' title='bbox 66 483 497 550; x_wconf 82' lang='lat' dir='ltr'><strong>Cupressusaltisexercnssilvis</strong></span> <span class='ocrx_word' id='word_1_25' title='bbox 511 490 593 550; x_wconf 89' lang='lat' dir='ltr'><strong>caput</strong></span> <span class='ocrx_word' id='word_1_26' title='bbox 813 486 862 536; x_wconf 78' lang='lat'><strong>53⁰</strong></span> 
     </span>
     <span class='ocr_line' id='line_1_6' title="bbox 65 548 750 618; baseline -0.001 -13"><span class='ocrx_word' id='word_1_27' title='bbox 65 554 180 605; x_wconf 80' lang='lat' dir='ltr'><strong>Vir-ente</strong></span> <span class='ocrx_word' id='word_1_28' title='bbox 191 566 299 618; x_wconf 79' lang='lat' dir='ltr'><strong>semper</strong></span> <span class='ocrx_word' id='word_1_29' title='bbox 310 550 411 616; x_wconf 83' lang='lat' dir='ltr'>adligat</span> <span class='ocrx_word' id='word_1_30' title='bbox 422 557 518 602; x_wconf 91' lang='lat' dir='ltr'><strong>trunco</strong></span> <span class='ocrx_word' id='word_1_31' title='bbox 528 567 637 615; x_wconf 79' lang='lat' dir='ltr'><strong>nemus3</strong></span> <span class='ocrx_word' id='word_1_32' title='bbox 744 548 750 561; x_wconf 86' lang='lat'><em>&#39;</em></span> 
     </span>
     <span class='ocr_line' id='line_1_7' title="bbox 66 619 654 688; baseline -0.002 -16"><span class='ocrx_word' id='word_1_33' title='bbox 66 624 225 688; x_wconf 81' lang='lat' dir='ltr'><strong>curvosque</strong></span> <span class='ocrx_word' id='word_1_34' title='bbox 236 619 323 672; x_wconf 87' lang='lat' dir='ltr'><strong>tendit</strong></span> <span class='ocrx_word' id='word_1_35' title='bbox 333 634 449 686; x_wconf 83' lang='lat' dir='ltr'><strong>quercus</strong></span> <span class='ocrx_word' id='word_1_36' title='bbox 460 626 488 671; x_wconf 90' lang='lat' dir='ltr'><strong>et</strong></span> <span class='ocrx_word' id='word_1_37' title='bbox 496 625 590 688; x_wconf 85' lang='lat' dir='ltr'><strong>putres</strong></span> <span class='ocrx_word' id='word_1_38' title='bbox 600 622 654 673; x_wconf 85' lang='lat' dir='ltr'><strong>situ</strong></span> 
     </span>
     <span class='ocr_line' id='line_1_8' title="bbox 66 686 609 753; baseline -0.002 -13"><span class='ocrx_word' id='word_1_39' title='bbox 66 691 178 740; x_wconf 79' lang='lat' dir='ltr'><strong>Annaea</strong></span> <span class='ocrx_word' id='word_1_40' title='bbox 186 703 285 739; x_wconf 89' lang='lat' dir='ltr'><strong>ramos.</strong></span> <span class='ocrx_word' id='word_1_41' title='bbox 321 686 409 737; x_wconf 87' lang='lat' dir='ltr'><strong>Huius</strong></span> <span class='ocrx_word' id='word_1_42' title='bbox 420 688 528 753; x_wconf 88' lang='lat' dir='ltr'><strong>abrupit</strong></span> <span class='ocrx_word' id='word_1_43' title='bbox 536 689 609 739; x_wconf 87' lang='lat' dir='ltr'><strong>latus</strong></span> 
     </span>
     <span class='ocr_line' id='line_1_9' title="bbox 67 754 622 818; baseline -0.004 -10"><span class='ocrx_word' id='word_1_44' title='bbox 67 757 147 808; x_wconf 85' lang='lat' dir='ltr'><strong>Edax</strong></span> <span class='ocrx_word' id='word_1_45' title='bbox 159 763 294 818; x_wconf 65' lang='lat' dir='ltr'><strong>vetustam</strong></span> <span class='ocrx_word' id='word_1_46' title='bbox 304 755 363 817; x_wconf 89' lang='lat' dir='ltr'><strong>illa,</strong></span> <span class='ocrx_word' id='word_1_47' title='bbox 372 756 426 806; x_wconf 89' lang='lat' dir='ltr'><strong>iam</strong></span> <span class='ocrx_word' id='word_1_48' title='bbox 437 754 511 808; x_wconf 84' lang='lat' dir='ltr'><strong>fessa</strong></span> <span class='ocrx_word' id='word_1_49' title='bbox 522 757 622 809; x_wconf 82' lang='lat' dir='ltr'><strong>cadens</strong></span> 
     </span>
     <span class='ocr_line' id='line_1_10' title="bbox 68 823 568 890; baseline -0.004 -14"><span class='ocrx_word' id='word_1_50' title='bbox 68 825 185 886; x_wconf 81' lang='lat' dir='ltr'><strong>Rudiae,</strong></span> <span class='ocrx_word' id='word_1_51' title='bbox 196 823 265 875; x_wconf 83' lang='lat' dir='ltr'><strong>fulta</strong></span> <span class='ocrx_word' id='word_1_52' title='bbox 274 823 374 890; x_wconf 85' lang='lat' dir='ltr'><strong>pendet</strong></span> <span class='ocrx_word' id='word_1_53' title='bbox 385 824 472 875; x_wconf 84' lang='lat' dir='ltr'><strong>aliena</strong></span> <span class='ocrx_word' id='word_1_54' title='bbox 482 823 568 874; x_wconf 87' lang='lat' dir='ltr'><strong>trabe.</strong></span> 
     </span>
     <span class='ocr_line' id='line_1_11' title="bbox 68 891 612 954; baseline 0 -10"><span class='ocrx_word' id='word_1_55' title='bbox 68 897 169 945; x_wconf 83' lang='lat' dir='ltr'><strong>Amara</strong></span> <span class='ocrx_word' id='word_1_56' title='bbox 179 893 280 943; x_wconf 84' lang='lat' dir='ltr'><strong>baccas</strong></span> <span class='ocrx_word' id='word_1_57' title='bbox 290 892 382 943; x_wconf 89' lang='lat' dir='ltr'><strong>laurus</strong></span> <span class='ocrx_word' id='word_1_58' title='bbox 388 928 396 953; x_wconf 92' lang='lat'>,</span> <span class='ocrx_word' id='word_1_59' title='bbox 408 898 436 943; x_wconf 87' lang='lat' dir='ltr'><strong>et</strong></span> <span class='ocrx_word' id='word_1_60' title='bbox 446 891 520 943; x_wconf 89' lang='lat' dir='ltr'><strong>tiliae</strong></span> <span class='ocrx_word' id='word_1_61' title='bbox 529 891 612 954; x_wconf 76' lang='lat' dir='ltr'><strong>leves,</strong></span> 
     </span>
     <span class='ocr_line' id='line_1_12' title="bbox 68 959 702 1027; baseline 0 -14"><span class='ocrx_word' id='word_1_62' title='bbox 68 965 105 1013; x_wconf 84' lang='lat' dir='ltr'><strong>Et</strong></span> <span class='ocrx_word' id='word_1_63' title='bbox 116 959 222 1027; x_wconf 89' lang='lat' dir='ltr'><strong>Paphia</strong></span> <span class='ocrx_word' id='word_1_64' title='bbox 231 966 350 1027; x_wconf 79' lang='lat' dir='ltr'><strong>myrtus,</strong></span> <span class='ocrx_word' id='word_1_65' title='bbox 363 966 390 1010; x_wconf 93' lang='lat' dir='ltr'><strong>et</strong></span> <span class='ocrx_word' id='word_1_66' title='bbox 401 976 449 1025; x_wconf 91' lang='lat' dir='ltr'><strong>per</strong></span> <span class='ocrx_word' id='word_1_67' title='bbox 458 961 617 1010; x_wconf 90' lang='lat' dir='ltr'><strong>immensum</strong></span> <span class='ocrx_word' id='word_1_68' title='bbox 628 974 702 1013; x_wconf 80' lang='lat' dir='ltr'><strong>utare</strong></span> 
     </span>
     <span class='ocr_line' id='line_1_13' title="bbox 67 1026 636 1091; baseline 0 -9"><span class='ocrx_word' id='word_1_69' title='bbox 67 1033 181 1082; x_wconf 84' lang='lat' dir='ltr'><strong>Matura</strong></span> <span class='ocrx_word' id='word_1_70' title='bbox 191 1044 280 1080; x_wconf 76' lang='lat' dir='ltr'><strong>rennos</strong></span> <span class='ocrx_word' id='word_1_71' title='bbox 292 1030 383 1091; x_wconf 71' lang='lat' dir='ltr'><strong>mnus,</strong></span> <span class='ocrx_word' id='word_1_72' title='bbox 395 1034 423 1080; x_wconf 92' lang='lat' dir='ltr'><strong>et</strong></span> <span class='ocrx_word' id='word_1_73' title='bbox 433 1026 545 1079; x_wconf 87' lang='lat' dir='ltr'><strong>Phoebo</strong></span> <span class='ocrx_word' id='word_1_74' title='bbox 557 1027 636 1082; x_wconf 84' lang='lat' dir='ltr'><strong>obvia</strong></span> 
     </span>
     <span class='ocr_line' id='line_1_14' title="bbox 68 1095 641 1164; baseline -0.003 -15"><span class='ocrx_word' id='word_1_75' title='bbox 68 1097 168 1150; x_wconf 80' lang='lat' dir='ltr'><strong>Euodc</strong></span> <span class='ocrx_word' id='word_1_76' title='bbox 178 1095 310 1164; x_wconf 83' lang='lat' dir='ltr'><strong>Zephyris</strong></span> <span class='ocrx_word' id='word_1_77' title='bbox 321 1098 399 1164; x_wconf 87' lang='lat' dir='ltr'><strong>pinus</strong></span> <span class='ocrx_word' id='word_1_78' title='bbox 411 1110 550 1163; x_wconf 88' lang='lat' dir='ltr'><strong>opponens</strong></span> <span class='ocrx_word' id='word_1_79' title='bbox 560 1095 641 1160; x_wconf 85' lang='lat' dir='ltr'><strong>latus,</strong></span> 
     </span>
     <span class='ocr_line' id='line_1_15' title="bbox 68 1165 867 1234; baseline -0.003 -17"><span class='ocrx_word' id='word_1_80' title='bbox 68 1167 163 1218; x_wconf 87' lang='lat' dir='ltr'><strong>Medio</strong></span> <span class='ocrx_word' id='word_1_81' title='bbox 174 1171 228 1217; x_wconf 89' lang='lat' dir='ltr'><strong>stat</strong></span> <span class='ocrx_word' id='word_1_82' title='bbox 238 1168 332 1232; x_wconf 77' lang='lat' dir='ltr'><strong>ingens</strong></span> <span class='ocrx_word' id='word_1_83' title='bbox 344 1165 437 1231; x_wconf 88' lang='lat' dir='ltr'><strong>arbor,</strong></span> <span class='ocrx_word' id='word_1_84' title='bbox 450 1170 531 1234; x_wconf 89' lang='lat' dir='ltr'><strong>atque</strong></span> <span class='ocrx_word' id='word_1_85' title='bbox 541 1166 636 1217; x_wconf 89' lang='lat' dir='ltr'><strong>umbra</strong></span> <span class='ocrx_word' id='word_1_86' title='bbox 645 1168 720 1233; x_wconf 78' lang='lat' dir='ltr'><strong>gravi</strong></span> <span class='ocrx_word' id='word_1_87' title='bbox 819 1168 867 1216; x_wconf 70' lang='lat' dir='ltr'><strong>beu</strong></span> 
     </span>
     <span class='ocr_line' id='line_1_16' title="bbox 70 1232 665 1303; baseline 0 -17"><span class='ocrx_word' id='word_1_88' title='bbox 70 1235 158 1286; x_wconf 88' lang='lat' dir='ltr'><strong>Silvas</strong></span> <span class='ocrx_word' id='word_1_89' title='bbox 169 1236 286 1287; x_wconf 85' lang='lat' dir='ltr'><strong>minores</strong></span> <span class='ocrx_word' id='word_1_90' title='bbox 296 1241 387 1302; x_wconf 82' lang='lat' dir='ltr'><strong>urget3</strong></span> <span class='ocrx_word' id='word_1_91' title='bbox 400 1240 442 1297; x_wconf 90' lang='lat' dir='ltr'><strong>et,</strong></span> <span class='ocrx_word' id='word_1_92' title='bbox 452 1249 551 1303; x_wconf 84' lang='lat' dir='ltr'><strong>magno</strong></span> <span class='ocrx_word' id='word_1_93' title='bbox 562 1232 665 1288; x_wconf 84' lang='lat' dir='ltr'><strong>ambitu</strong></span> 
     </span>
     <span class='ocr_line' id='line_1_17' title="bbox 69 1302 603 1367; baseline 0.002 -13"><span class='ocrx_word' id='word_1_94' title='bbox 69 1302 181 1354; x_wconf 83' lang='lat' dir='ltr'><strong>Diffusa</strong></span> <span class='ocrx_word' id='word_1_95' title='bbox 189 1317 279 1354; x_wconf 88' lang='lat' dir='ltr'><strong>ramos</strong></span> <span class='ocrx_word' id='word_1_96' title='bbox 285 1339 293 1367; x_wconf 92' lang='lat'>,</span> <span class='ocrx_word' id='word_1_97' title='bbox 304 1318 360 1354; x_wconf 90' lang='lat' dir='ltr'><strong>una</strong></span> <span class='ocrx_word' id='word_1_98' title='bbox 370 1302 491 1356; x_wconf 83' lang='lat' dir='ltr'><strong>defendit</strong></span> <span class='ocrx_word' id='word_1_99' title='bbox 501 1319 603 1355; x_wconf 82' lang='lat' dir='ltr'><strong>nemus.</strong></span> 
     </span>
     <span class='ocr_line' id='line_1_18' title="bbox 70 1370 629 1424; baseline -0.002 -1"><span class='ocrx_word' id='word_1_100' title='bbox 70 1372 171 1423; x_wconf 77' lang='lat' dir='ltr'><strong>&#39;Pristis</strong></span> <span class='ocrx_word' id='word_1_101' title='bbox 181 1373 230 1423; x_wconf 85' lang='lat' dir='ltr'><strong>sub</strong></span> <span class='ocrx_word' id='word_1_102' title='bbox 240 1371 287 1421; x_wconf 88' lang='lat' dir='ltr'><strong>illa</strong></span> <span class='ocrx_word' id='word_1_103' title='bbox 295 1371 362 1422; x_wconf 87' lang='lat' dir='ltr'>lucis</span> <span class='ocrx_word' id='word_1_104' title='bbox 374 1378 402 1422; x_wconf 89' lang='lat' dir='ltr'><strong>et</strong></span> <span class='ocrx_word' id='word_1_105' title='bbox 412 1370 516 1423; x_wconf 90' lang='lat' dir='ltr'><strong>Phoebi</strong></span> <span class='ocrx_word' id='word_1_106' title='bbox 525 1373 629 1424; x_wconf 86' lang='lat' dir='ltr'><strong>inscius</strong></span> 
     </span>
     <span class='ocr_line' id='line_1_19' title="bbox 70 1435 694 1508; baseline -0.003 -17"><span class='ocrx_word' id='word_1_107' title='bbox 70 1442 222 1506; x_wconf 84' lang='lat' dir='ltr'><strong>Restagnat</strong></span> <span class='ocrx_word' id='word_1_108' title='bbox 232 1435 455 1506; x_wconf 83' lang='lat' dir='ltr'><strong>humor,&#39;bigore</strong></span> <span class='ocrx_word' id='word_1_109' title='bbox 467 1445 578 1492; x_wconf 91' lang='lat' dir='ltr'><strong>aeterno</strong></span> <span class='ocrx_word' id='word_1_110' title='bbox 589 1441 694 1508; x_wconf 84' lang='lat' dir='ltr'><strong>rigens;</strong></span> 
     </span>
     <span class='ocr_line' id='line_1_20' title="bbox 70 1506 621 1576; baseline 0 -17"><span class='ocrx_word' id='word_1_111' title='bbox 70 1509 186 1559; x_wconf 80' lang='lat' dir='ltr'><strong>Limosa</strong></span> <span class='ocrx_word' id='word_1_112' title='bbox 195 1509 302 1576; x_wconf 86' lang='lat' dir='ltr'><strong>pigrum</strong></span> <span class='ocrx_word' id='word_1_113' title='bbox 314 1509 410 1559; x_wconf 87' lang='lat' dir='ltr'>circuit</span> <span class='ocrx_word' id='word_1_114' title='bbox 419 1506 523 1561; x_wconf 85' lang='lat' dir='ltr'><strong>fontem</strong></span> <span class='ocrx_word' id='word_1_115' title='bbox 533 1508 621 1574; x_wconf 88' lang='lat' dir='ltr'><strong>palus.</strong></span> 
     </span>
    </p>

    <p class='ocr_par' dir='ltr' id='par_1_3' title="bbox 46 1574 866 2534">
     <span class='ocr_line' id='line_1_21' title="bbox 46 1574 652 1645; baseline -0.008 -17"><span class='ocrx_word' id='word_1_116' title='bbox 46 1638 51 1645; x_wconf 37' lang='grc'>,</span> <span class='ocrx_word' id='word_1_117' title='bbox 70 1580 134 1628; x_wconf 85' lang='lat' dir='ltr'><strong>Huc</strong></span> <span class='ocrx_word' id='word_1_118' title='bbox 145 1582 176 1627; x_wconf 90' lang='lat' dir='ltr'><strong>ut</strong></span> <span class='ocrx_word' id='word_1_119' title='bbox 186 1574 314 1628; x_wconf 84' lang='lat' dir='ltr'><strong>sacerdos</strong></span> <span class='ocrx_word' id='word_1_120' title='bbox 324 1576 415 1627; x_wconf 90' lang='lat' dir='ltr'><strong>intulit</strong></span> <span class='ocrx_word' id='word_1_121' title='bbox 425 1577 516 1627; x_wconf 86' lang='lat' dir='ltr'><strong>senior</strong></span> <span class='ocrx_word' id='word_1_122' title='bbox 525 1575 652 1643; x_wconf 84' lang='lat' dir='ltr'><strong>gradum:</strong></span> 
     </span>
     <span class='ocr_line' id='line_1_22' title="bbox 70 1642 739 1696; baseline -0.007 0"><span class='ocrx_word' id='word_1_123' title='bbox 70 1644 155 1696; x_wconf 83' lang='lat' dir='ltr'><strong>Haud</strong></span> <span class='ocrx_word' id='word_1_124' title='bbox 165 1650 208 1696; x_wconf 92' lang='lat' dir='ltr'><strong>est</strong></span> <span class='ocrx_word' id='word_1_125' title='bbox 217 1650 348 1696; x_wconf 85' lang='lat' dir='ltr'><strong>moratus.</strong></span> <span class='ocrx_word' id='word_1_126' title='bbox 384 1644 525 1695; x_wconf 87' lang='lat' dir='ltr'><strong>Praestitit</strong></span> <span class='ocrx_word' id='word_1_127' title='bbox 534 1648 644 1694; x_wconf 88' lang='lat' dir='ltr'><strong>noctem</strong></span> <span class='ocrx_word' id='word_1_128' title='bbox 654 1642 739 1694; x_wconf 80' lang='lat' dir='ltr'><strong>[ocris.</strong></span> 
     </span>
     <span class='ocr_line' id='line_1_23' title="bbox 70 1710 632 1777; baseline -0.005 -13"><span class='ocrx_word' id='word_1_129' title='bbox 70 1715 144 1764; x_wconf 75' lang='lat' dir='ltr'><strong>Tum</strong></span> <span class='ocrx_word' id='word_1_130' title='bbox 155 1710 232 1765; x_wconf 79' lang='lat' dir='ltr'><strong>fossa</strong></span> <span class='ocrx_word' id='word_1_131' title='bbox 240 1713 333 1775; x_wconf 88' lang='lat' dir='ltr'><strong>tellus,</strong></span> <span class='ocrx_word' id='word_1_132' title='bbox 345 1718 373 1762; x_wconf 91' lang='lat' dir='ltr'><strong>et</strong></span> <span class='ocrx_word' id='word_1_133' title='bbox 383 1727 465 1777; x_wconf 89' lang='lat' dir='ltr'><strong>super</strong></span> <span class='ocrx_word' id='word_1_134' title='bbox 475 1712 546 1777; x_wconf 89' lang='lat' dir='ltr'><strong>rapti</strong></span> <span class='ocrx_word' id='word_1_135' title='bbox 557 1711 632 1777; x_wconf 82' lang='lat' dir='ltr'><strong>rogis</strong></span> 
     </span>
     <span class='ocr_line' id='line_1_24' title="bbox 70 1779 629 1849; baseline -0.009 -15"><span class='ocrx_word' id='word_1_136' title='bbox 70 1783 212 1834; x_wconf 84' lang='lat' dir='ltr'><strong>laciuntur</strong></span> <span class='ocrx_word' id='word_1_137' title='bbox 220 1783 305 1849; x_wconf 79' lang='lat' dir='ltr'><strong>ignes.</strong></span> <span class='ocrx_word' id='word_1_138' title='bbox 341 1782 402 1848; x_wconf 90' lang='lat' dir='ltr'><strong>lpse</strong></span> <span class='ocrx_word' id='word_1_139' title='bbox 414 1779 521 1831; x_wconf 82' lang='lat' dir='ltr'><strong>funesto</strong></span> <span class='ocrx_word' id='word_1_140' title='bbox 531 1779 629 1846; x_wconf 84' lang='lat' dir='ltr'>integit</span> 
     </span>
     <span class='ocr_line' id='line_1_25' title="bbox 72 1846 672 1915; baseline -0.013 -11"><span class='ocrx_word' id='word_1_141' title='bbox 72 1852 158 1904; x_wconf 82' lang='lat' dir='ltr'><strong>Vates</strong></span> <span class='ocrx_word' id='word_1_142' title='bbox 169 1851 271 1902; x_wconf 90' lang='lat' dir='ltr'><strong>amictu</strong></span> <span class='ocrx_word' id='word_1_143' title='bbox 282 1865 395 1915; x_wconf 89' lang='lat' dir='ltr'><strong>corpus,</strong></span> <span class='ocrx_word' id='word_1_144' title='bbox 408 1855 437 1901; x_wconf 87' lang='lat' dir='ltr'><strong>et</strong></span> <span class='ocrx_word' id='word_1_145' title='bbox 449 1847 567 1899; x_wconf 87' lang='lat' dir='ltr'><strong>frontem</strong></span> <span class='ocrx_word' id='word_1_146' title='bbox 577 1846 672 1915; x_wconf 87' lang='lat' dir='ltr'><strong>quatit.</strong></span> 
     </span>
     <span class='ocr_line' id='line_1_26' title="bbox 70 1916 626 1986; baseline -0.005 -16"><span class='ocrx_word' id='word_1_147' title='bbox 70 1920 209 1986; x_wconf 84' lang='lat' dir='ltr'><strong>Lugubris</strong></span> <span class='ocrx_word' id='word_1_148' title='bbox 219 1919 288 1969; x_wconf 82' lang='lat' dir='ltr'><strong>imos</strong></span> <span class='ocrx_word' id='word_1_149' title='bbox 299 1918 370 1985; x_wconf 90' lang='lat' dir='ltr'><strong>palla</strong></span> <span class='ocrx_word' id='word_1_150' title='bbox 381 1916 519 1984; x_wconf 85' lang='lat' dir='ltr'><strong>perfundit</strong></span> <span class='ocrx_word' id='word_1_151' title='bbox 530 1916 626 1982; x_wconf 82' lang='lat' dir='ltr'><strong>p&#39;edcs3</strong></span> 
     </span>
     <span class='ocr_line' id='line_1_27' title="bbox 71 1985 703 2056; baseline -0.006 -18"><span class='ocrx_word' id='word_1_152' title='bbox 71 1987 220 2056; x_wconf 81' lang='lat' dir='ltr'><strong>squalente</strong></span> <span class='ocrx_word' id='word_1_153' title='bbox 231 1986 305 2038; x_wconf 84' lang='lat' dir='ltr'><strong>coitu</strong></span> <span class='ocrx_word' id='word_1_154' title='bbox 315 1992 436 2038; x_wconf 88' lang='lat' dir='ltr'><strong>moestus</strong></span> <span class='ocrx_word' id='word_1_155' title='bbox 446 1985 597 2054; x_wconf 84' lang='lat' dir='ltr'><strong>ingreditur</strong></span> <span class='ocrx_word' id='word_1_156' title='bbox 606 1998 703 2046; x_wconf 62' lang='lat' dir='ltr'><strong>senem</strong></span> 
     </span>
     <span class='ocr_line' id='line_1_28' title="bbox 69 2055 693 2121; baseline -0.01 -13"><span class='ocrx_word' id='word_1_157' title='bbox 69 2055 218 2108; x_wconf 80' lang='lat' dir='ltr'><strong>Mortifera</strong></span> <span class='ocrx_word' id='word_1_158' title='bbox 229 2069 325 2106; x_wconf 89' lang='lat' dir='ltr'><strong>canam</strong></span> <span class='ocrx_word' id='word_1_159' title='bbox 335 2059 414 2106; x_wconf 81' lang='lat' dir='ltr'><strong>taxus</strong></span> <span class='ocrx_word' id='word_1_160' title='bbox 426 2055 568 2121; x_wconf 86' lang='lat' dir='ltr'><strong>adstringit</strong></span> <span class='ocrx_word' id='word_1_161' title='bbox 579 2068 693 2104; x_wconf 85' lang='lat' dir='ltr'><strong>comam.</strong></span> 
     </span>
     <span class='ocr_line' id='line_1_29' title="bbox 70 2123 677 2192; baseline -0.007 -16"><span class='ocrx_word' id='word_1_162' title='bbox 70 2123 158 2192; x_wconf 82' lang='lat' dir='ltr'><strong>Nigro</strong></span> <span class='ocrx_word' id='word_1_163' title='bbox 168 2123 294 2175; x_wconf 87' lang='lat' dir='ltr'><strong>bidentes</strong></span> <span class='ocrx_word' id='word_1_164' title='bbox 304 2123 403 2174; x_wconf 82' lang='lat' dir='ltr'><strong>vellere</strong></span> <span class='ocrx_word' id='word_1_165' title='bbox 414 2129 495 2191; x_wconf 85' lang='lat' dir='ltr'><strong>atquc</strong></span> <span class='ocrx_word' id='word_1_166' title='bbox 507 2128 583 2173; x_wconf 86' lang='lat' dir='ltr'><strong>atrae</strong></span> <span class='ocrx_word' id='word_1_167' title='bbox 593 2123 677 2173; x_wconf 87' lang='lat' dir='ltr'><strong>boves</strong></span> 
     </span>
     <span class='ocr_line' id='line_1_30' title="bbox 69 2188 866 2258; baseline -0.006 -14"><span class='ocrx_word' id='word_1_168' title='bbox 69 2193 156 2244; x_wconf 87' lang='lat' dir='ltr'><strong>Retro</strong></span> <span class='ocrx_word' id='word_1_169' title='bbox 168 2188 321 2243; x_wconf 77' lang='lat' dir='ltr'><strong>trahamur.</strong></span> <span class='ocrx_word' id='word_1_170' title='bbox 355 2192 478 2242; x_wconf 88' lang='lat' dir='ltr'><strong>Flamma</strong></span> <span class='ocrx_word' id='word_1_171' title='bbox 488 2190 635 2258; x_wconf 87' lang='lat' dir='ltr'><strong>praedatur</strong></span> <span class='ocrx_word' id='word_1_172' title='bbox 644 2188 739 2255; x_wconf 84' lang='lat' dir='ltr'><strong>dapes,</strong></span> <span class='ocrx_word' id='word_1_173' title='bbox 840 2189 866 2210; x_wconf 63' lang='lat'><strong>&#39;&#39;&#39;</strong></span> 
     </span>
     <span class='ocr_line' id='line_1_31' title="bbox 70 2258 617 2327; baseline -0.009 -14"><span class='ocrx_word' id='word_1_174' title='bbox 70 2261 225 2327; x_wconf 80' lang='lat' dir='ltr'><strong>Virumque</strong></span> <span class='ocrx_word' id='word_1_175' title='bbox 236 2258 355 2325; x_wconf 84' lang='lat' dir='ltr'><strong>trepidat</strong></span> <span class='ocrx_word' id='word_1_176' title='bbox 364 2260 426 2327; x_wconf 85' lang='lat' dir='ltr'><strong>igne</strong></span> <span class='ocrx_word' id='word_1_177' title='bbox 436 2259 516 2312; x_wconf 85' lang='lat' dir='ltr'><strong>ferali</strong></span> <span class='ocrx_word' id='word_1_178' title='bbox 526 2273 617 2325; x_wconf 87' lang='lat' dir='ltr'><strong>pecus.</strong></span> 
     </span>
     <span class='ocr_line' id='line_1_32' title="bbox 70 2326 718 2396; baseline -0.008 -15"><span class='ocrx_word' id='word_1_179' title='bbox 70 2328 237 2381; x_wconf 86' lang='lat' dir='ltr'><strong>Vocat&#39;inde</strong></span> <span class='ocrx_word' id='word_1_180' title='bbox 247 2328 357 2392; x_wconf 82' lang='lat' dir='ltr'><strong>Manes3</strong></span> <span class='ocrx_word' id='word_1_181' title='bbox 368 2335 463 2396; x_wconf 86' lang='lat' dir='ltr'><strong>teque,</strong></span> <span class='ocrx_word' id='word_1_182' title='bbox 474 2329 518 2393; x_wconf 87' lang='lat' dir='ltr'><strong>qui</strong></span> <span class='ocrx_word' id='word_1_183' title='bbox 530 2328 625 2379; x_wconf 87' lang='lat' dir='ltr'><strong>Manes</strong></span> <span class='ocrx_word' id='word_1_184' title='bbox 636 2326 718 2393; x_wconf 83' lang='lat' dir='ltr'><strong>regis,</strong></span> 
     </span>
     <span class='ocr_line' id='line_1_33' title="bbox 71 2394 620 2455; baseline -0.013 -5"><span class='ocrx_word' id='word_1_185' title='bbox 71 2399 110 2450; x_wconf 77' lang='lat' dir='ltr'><strong>Iit</strong></span> <span class='ocrx_word' id='word_1_186' title='bbox 121 2396 294 2450; x_wconf 85' lang='lat' dir='ltr'><strong>obsidentem</strong></span> <span class='ocrx_word' id='word_1_187' title='bbox 306 2397 424 2447; x_wconf 88' lang='lat' dir='ltr'><strong>claustra</strong></span> <span class='ocrx_word' id='word_1_188' title='bbox 434 2396 522 2446; x_wconf 88' lang='lat' dir='ltr'><strong>letalis</strong></span> <span class='ocrx_word' id='word_1_189' title='bbox 532 2394 620 2455; x_wconf 81' lang='lat' dir='ltr'><strong>lacus3</strong></span> 
     </span>
     <span class='ocr_line' id='line_1_34' title="bbox 74 2461 740 2534; baseline -0.009 -15"><span class='ocrx_word' id='word_1_190' title='bbox 74 2468 246 2534; x_wconf 81' lang='lat' dir='ltr'><strong>carmenque</strong></span> <span class='ocrx_word' id='word_1_191' title='bbox 255 2466 390 2532; x_wconf 82' lang='lat' dir='ltr'><strong>magicum</strong></span> <span class='ocrx_word' id='word_1_192' title='bbox 399 2464 495 2526; x_wconf 73' lang='lat' dir='ltr'><strong>volvit,</strong></span> <span class='ocrx_word' id='word_1_193' title='bbox 507 2468 536 2512; x_wconf 84' lang='lat' dir='ltr'><strong>ct</strong></span> <span class='ocrx_word' id='word_1_194' title='bbox 545 2461 639 2513; x_wconf 86' lang='lat' dir='ltr'><strong>rabido</strong></span> <span class='ocrx_word' id='word_1_195' title='bbox 651 2463 740 2514; x_wconf 83' lang='lat' dir='ltr'><strong>minax</strong></span> 
     </span>
    </p>
   </div>
   <div class='ocr_carea' id='block_1_3' title="bbox 72 2528 873 2740">
    <p class='ocr_par' dir='ltr' id='par_1_4' title="bbox 72 2528 873 2740">
     <span class='ocr_line' id='line_1_35' title="bbox 72 2528 873 2602; baseline -0.02 -13"><span class='ocrx_word' id='word_1_196' title='bbox 72 2533 216 2589; x_wconf 81' lang='lat' dir='ltr'><strong>Decantut</strong></span> <span class='ocrx_word' id='word_1_197' title='bbox 227 2548 287 2596; x_wconf 88' lang='lat' dir='ltr'><strong>ore,</strong></span> <span class='ocrx_word' id='word_1_198' title='bbox 299 2533 427 2602; x_wconf 90' lang='lat' dir='ltr'><strong>quidquid</strong></span> <span class='ocrx_word' id='word_1_199' title='bbox 436 2537 486 2584; x_wconf 90' lang='lat' dir='ltr'><strong>aut</strong></span> <span class='ocrx_word' id='word_1_200' title='bbox 496 2530 588 2598; x_wconf 86' lang='lat' dir='ltr'><strong>placat</strong></span> <span class='ocrx_word' id='word_1_201' title='bbox 596 2529 669 2581; x_wconf 84' lang='lat' dir='ltr'><strong>leves</strong></span> <span class='ocrx_word' id='word_1_202' title='bbox 825 2528 873 2577; x_wconf 69' lang='lat' dir='ltr'><strong>bet)</strong></span> 
     </span>
     <span class='ocr_line' id='line_1_36' title="bbox 74 2596 711 2670; baseline -0.014 -15"><span class='ocrx_word' id='word_1_203' title='bbox 74 2605 129 2655; x_wconf 76' lang='lat' dir='ltr'><strong>Aut</strong></span> <span class='ocrx_word' id='word_1_204' title='bbox 140 2602 217 2670; x_wconf 80' lang='lat' dir='ltr'><strong>cogit</strong></span> <span class='ocrx_word' id='word_1_205' title='bbox 227 2602 346 2654; x_wconf 86' lang='lat' dir='ltr'><strong>umbras.</strong></span> <span class='ocrx_word' id='word_1_206' title='bbox 383 2601 547 2669; x_wconf 82' lang='lat' dir='ltr'><strong>Sanguinem</strong></span> <span class='ocrx_word' id='word_1_207' title='bbox 555 2596 623 2648; x_wconf 89' lang='lat' dir='ltr'><strong>libat</strong></span> <span class='ocrx_word' id='word_1_208' title='bbox 631 2596 711 2658; x_wconf 84' lang='lat' dir='ltr'><strong>focis,</strong></span> 
     </span>
     <span class='ocr_line' id='line_1_37' title="bbox 76 2665 705 2740; baseline -0.016 -16"><span class='ocrx_word' id='word_1_209' title='bbox 76 2669 241 2740; x_wconf 71' lang='lat' dir='ltr'><strong>solidasque</strong></span> <span class='ocrx_word' id='word_1_210' title='bbox 250 2670 370 2739; x_wconf 86' lang='lat' dir='ltr'><strong>&#39;pecudes</strong></span> <span class='ocrx_word' id='word_1_211' title='bbox 380 2671 449 2734; x_wconf 76' lang='lat' dir='ltr'><strong>ruit,</strong></span> <span class='ocrx_word' id='word_1_212' title='bbox 460 2674 488 2721; x_wconf 93' lang='lat' dir='ltr'><strong>et</strong></span> <span class='ocrx_word' id='word_1_213' title='bbox 497 2665 582 2718; x_wconf 88' lang='lat' dir='ltr'><strong>multu</strong></span> <span class='ocrx_word' id='word_1_214' title='bbox 594 2680 705 2734; x_wconf 85' lang='lat' dir='ltr'><strong>specum</strong></span> 
     </span>
    </p>
   </div>
   <div class='ocr_carea' id='block_1_4' title="bbox 0 0 944 2970">
    <p class='ocr_par' dir='ltr' id='par_1_5' title="bbox 0 0 944 2970">
     <span class='ocr_line' id='line_1_38' title="bbox 0 0 944 2970; baseline 0 0"><span class='ocrx_word' id='word_1_215' title='bbox 0 0 944 2970; x_wconf 95' lang='lat' dir='ltr'><strong> </strong></span> 
     </span>
    </p>
   </div>
  </div>
 </body>
</html>
