<?xml version="1.0" encoding="UTF-8"?>
<!DOCTYPE html PUBLIC "-//W3C//DTD XHTML 1.0 Transitional//EN"
    "http://www.w3.org/TR/xhtml1/DTD/xhtml1-transitional.dtd">
<html xmlns="http://www.w3.org/1999/xhtml" xml:lang="en" lang="en">
 <head>
  <title>
</title>
<meta http-equiv="Content-Type" content="text/html;charset=utf-8" />
  <meta name='ocr-system' content='tesseract 3.04.00' />
  <meta name='ocr-capabilities' content='ocr_page ocr_carea ocr_par ocr_line ocrx_word'/>
</head>
<body>
  <div class='ocr_page' id='page_1' title='image "./tragoediaeadopt00senegoog_0315.png"; bbox 0 0 1860 2970; ppageno 0'>
   <div class='ocr_carea' id='block_1_1' title="bbox 70 116 777 296">
    <p class='ocr_par' dir='ltr' id='par_1_1' title="bbox 70 116 777 296">
     <span class='ocr_line' id='line_1_1' title="bbox 70 116 700 181; baseline -0.011 -1"><span class='ocrx_word' id='word_1_1' title='bbox 70 130 119 181; x_wconf 74' lang='lat'>308</span> <span class='ocrx_word' id='word_1_2' title='bbox 253 123 287 175; x_wconf 80' lang='lat' dir='ltr'>L.</span> <span class='ocrx_word' id='word_1_3' title='bbox 322 119 478 175; x_wconf 77' lang='lat' dir='ltr'>ANNnur</span> <span class='ocrx_word' id='word_1_4' title='bbox 506 116 700 173; x_wconf 74' lang='lat' dir='ltr'>suNucsu</span> 
     </span>
     <span class='ocr_line' id='line_1_2' title="bbox 128 221 777 296; baseline -0.003 -15"><span class='ocrx_word' id='word_1_5' title='bbox 128 231 202 281; x_wconf 89' lang='lat' dir='ltr'>Dum</span> <span class='ocrx_word' id='word_1_6' title='bbox 211 241 296 296; x_wconf 78' lang='lat' dir='ltr'>vagus</span> <span class='ocrx_word' id='word_1_7' title='bbox 306 226 333 278; x_wconf 88' lang='lat' dir='ltr'>in</span> <span class='ocrx_word' id='word_1_8' title='bbox 345 223 439 278; x_wconf 85' lang='lat' dir='ltr'>orbem</span> <span class='ocrx_word' id='word_1_9' title='bbox 448 221 550 286; x_wconf 83' lang='lat' dir='ltr'>fertur,</span> <span class='ocrx_word' id='word_1_10' title='bbox 561 228 590 275; x_wconf 85' lang='lat' dir='ltr'>et</span> <span class='ocrx_word' id='word_1_11' title='bbox 600 223 692 276; x_wconf 75' lang='lat' dir='ltr'>vienn</span> <span class='ocrx_word' id='word_1_12' title='bbox 700 239 777 279; x_wconf 86' lang='lat' dir='ltr'>mero</span> 
     </span>
    </p>
   </div>
   <div class='ocr_carea' id='block_1_2' title="bbox 69 294 800 981">
    <p class='ocr_par' dir='ltr' id='par_1_2' title="bbox 130 294 678 361">
     <span class='ocr_line' id='line_1_3' title="bbox 130 294 678 361; baseline -0.009 -12"><span class='ocrx_word' id='word_1_13' title='bbox 130 299 220 350; x_wconf 87' lang='lat' dir='ltr'>Tenet</span> <span class='ocrx_word' id='word_1_14' title='bbox 229 296 316 349; x_wconf 80' lang='lat' dir='ltr'>feroci</span> <span class='ocrx_word' id='word_1_15' title='bbox 326 295 444 361; x_wconf 81' lang='lat' dir='ltr'>Lydiam</span> <span class='ocrx_word' id='word_1_16' title='bbox 454 294 558 361; x_wconf 84' lang='lat' dir='ltr'>gremio</span> <span class='ocrx_word' id='word_1_17' title='bbox 569 307 678 356; x_wconf 86' lang='lat' dir='ltr'>nurum,</span> 
     </span>
    </p>

    <p class='ocr_par' dir='ltr' id='par_1_3' title="bbox 69 360 800 565">
     <span class='ocr_line' id='line_1_4' title="bbox 69 360 800 432; baseline -0.004 -11"><span class='ocrx_word' id='word_1_18' title='bbox 69 368 118 421; x_wconf 71' lang='lat'>5¹15</span> <span class='ocrx_word' id='word_1_19' title='bbox 130 366 209 418; x_wconf 88' lang='lat' dir='ltr'>Nunc</span> <span class='ocrx_word' id='word_1_20' title='bbox 219 367 309 432; x_wconf 81' lang='lat' dir='ltr'>poscit</span> <span class='ocrx_word' id='word_1_21' title='bbox 318 365 402 416; x_wconf 90' lang='lat' dir='ltr'>lclen.</span> <span class='ocrx_word' id='word_1_22' title='bbox 438 361 492 414; x_wconf 86' lang='lat' dir='ltr'>Sed</span> <span class='ocrx_word' id='word_1_23' title='bbox 503 363 580 414; x_wconf 88' lang='lat' dir='ltr'>iecur</span> <span class='ocrx_word' id='word_1_24' title='bbox 588 360 648 414; x_wconf 82' lang='lat' dir='ltr'>fors</span> <span class='ocrx_word' id='word_1_25' title='bbox 659 360 800 418; x_wconf 81' lang='lat' dir='ltr'>horridum</span> 
     </span>
     <span class='ocr_line' id='line_1_5' title="bbox 128 432 759 488; baseline -0.002 -1"><span class='ocrx_word' id='word_1_26' title='bbox 128 436 253 488; x_wconf 86' lang='lat' dir='ltr'>Flectem</span> <span class='ocrx_word' id='word_1_27' title='bbox 262 432 516 486; x_wconf 74' lang='lat' dir='ltr'>merendotmeritn</span> <span class='ocrx_word' id='word_1_28' title='bbox 524 432 759 486; x_wconf 78' lang='lat' dir='ltr'>viceruntmnlcs.</span> 
     </span>
     <span class='ocr_line' id='line_1_6' title="bbox 129 499 677 565; baseline -0.005 -9"><span class='ocrx_word' id='word_1_29' title='bbox 129 503 192 556; x_wconf 87' lang='lat' dir='ltr'>Non</span> <span class='ocrx_word' id='word_1_30' title='bbox 203 508 265 554; x_wconf 82' lang='lat' dir='ltr'>ente</span> <span class='ocrx_word' id='word_1_31' title='bbox 275 507 365 554; x_wconf 81' lang='lat' dir='ltr'>restes</span> <span class='ocrx_word' id='word_1_32' title='bbox 374 499 469 551; x_wconf 81' lang='lat' dir='ltr'>induet</span> <span class='ocrx_word' id='word_1_33' title='bbox 481 501 593 564; x_wconf 85' lang='lat' dir='ltr'>coniux,</span> <span class='ocrx_word' id='word_1_34' title='bbox 603 500 677 565; x_wconf 89' lang='lat' dir='ltr'>iube,</span> 
     </span>
    </p>

    <p class='ocr_par' dir='ltr' id='par_1_4' title="bbox 130 568 759 708">
     <span class='ocr_line' id='line_1_7' title="bbox 130 568 759 637; baseline 0 -13"><span class='ocrx_word' id='word_1_35' title='bbox 130 574 220 637; x_wconf 79' lang='lat' dir='ltr'>Quum</span> <span class='ocrx_word' id='word_1_36' title='bbox 229 577 291 624; x_wconf 89' lang='lat' dir='ltr'>ture</span> <span class='ocrx_word' id='word_1_37' title='bbox 301 570 421 622; x_wconf 80' lang='lat' dir='ltr'>dammas</span> <span class='ocrx_word' id='word_1_38' title='bbox 432 575 529 634; x_wconf 81' lang='lat' dir='ltr'>puscet</span> <span class='ocrx_word' id='word_1_39' title='bbox 539 573 567 620; x_wconf 87' lang='lat' dir='ltr'>et</span> <span class='ocrx_word' id='word_1_40' title='bbox 578 569 670 636; x_wconf 82' lang='lat' dir='ltr'>placet</span> <span class='ocrx_word' id='word_1_41' title='bbox 680 568 759 636; x_wconf 88' lang='lat' dir='ltr'>deos,</span> 
     </span>
     <span class='ocr_line' id='line_1_8' title="bbox 130 637 708 708; baseline -0.005 -15"><span class='ocrx_word' id='word_1_42' title='bbox 130 643 206 693; x_wconf 78' lang='lat' dir='ltr'>Cana</span> <span class='ocrx_word' id='word_1_43' title='bbox 215 643 348 708; x_wconf 76' lang='lat' dir='ltr'>rigentem</span> <span class='ocrx_word' id='word_1_44' title='bbox 359 637 461 707; x_wconf 80' lang='lat' dir='ltr'>populo</span> <span class='ocrx_word' id='word_1_45' title='bbox 473 638 578 688; x_wconf 87' lang='lat' dir='ltr'>cinctus</span> <span class='ocrx_word' id='word_1_46' title='bbox 588 651 708 691; x_wconf 83' lang='lat' dir='ltr'>comem.</span> 
     </span>
    </p>

    <p class='ocr_par' dir='ltr' id='par_1_5' title="bbox 72 703 778 981">
     <span class='ocr_line' id='line_1_9' title="bbox 72 703 690 777; baseline -0.01 -15"><span class='ocrx_word' id='word_1_47' title='bbox 72 710 123 763; x_wconf 75' lang='lat'>580</span> <span class='ocrx_word' id='word_1_48' title='bbox 133 710 198 777; x_wconf 81' lang='lat' dir='ltr'>lpse</span> <span class='ocrx_word' id='word_1_49' title='bbox 206 711 235 760; x_wconf 86' lang='lat' dir='ltr'>in</span> <span class='ocrx_word' id='word_1_50' title='bbox 245 715 357 776; x_wconf 76' lang='lat' dir='ltr'>penates</span> <span class='ocrx_word' id='word_1_51' title='bbox 369 706 460 773; x_wconf 85' lang='lat' dir='ltr'>regios</span> <span class='ocrx_word' id='word_1_52' title='bbox 470 719 580 772; x_wconf 77' lang='lat' dir='ltr'>gressum</span> <span class='ocrx_word' id='word_1_53' title='bbox 591 703 690 770; x_wconf 83' lang='lat' dir='ltr'>feram,</span> 
     </span>
     <span class='ocr_line' id='line_1_10' title="bbox 131 771 778 846; baseline -0.005 -16"><span class='ocrx_word' id='word_1_54' title='bbox 131 777 316 846; x_wconf 86' lang='lat' dir='ltr'>Precibusque</span> <span class='ocrx_word' id='word_1_55' title='bbox 326 777 425 827; x_wconf 81' lang='lat' dir='ltr'>emonis</span> <span class='ocrx_word' id='word_1_56' title='bbox 435 771 540 825; x_wconf 86' lang='lat' dir='ltr'>horridi</span> <span class='ocrx_word' id='word_1_57' title='bbox 549 779 667 828; x_wconf 85' lang='lat' dir='ltr'>matrem</span> <span class='ocrx_word' id='word_1_58' title='bbox 677 775 778 832; x_wconf 74' lang='lat' dir='ltr'>colam.</span> 
     </span>
     <span class='ocr_line' id='line_1_11' title="bbox 131 842 731 915; baseline -0.007 -16"><span class='ocrx_word' id='word_1_59' title='bbox 131 847 205 909; x_wconf 83' lang='lat' dir='ltr'>Vos,</span> <span class='ocrx_word' id='word_1_60' title='bbox 216 861 283 915; x_wconf 86' lang='lat' dir='ltr'>quus</span> <span class='ocrx_word' id='word_1_61' title='bbox 293 844 414 912; x_wconf 80' lang='lat' dir='ltr'>paternis</span> <span class='ocrx_word' id='word_1_62' title='bbox 425 843 510 894; x_wconf 77' lang='lat' dir='ltr'>eundi</span> <span class='ocrx_word' id='word_1_63' title='bbox 521 844 635 895; x_wconf 76' lang='lat' dir='ltr'><strong>comites</strong></span> <span class='ocrx_word' id='word_1_64' title='bbox 646 842 731 912; x_wconf 62' lang='lat' dir='ltr'>ineis²</span> 
     </span>
     <span class='ocr_line' id='line_1_12' title="bbox 132 909 675 981; baseline -0.007 -13"><span class='ocrx_word' id='word_1_65' title='bbox 132 915 312 981; x_wconf 82' lang='lat' dir='ltr'>Culydcnies,</span> <span class='ocrx_word' id='word_1_66' title='bbox 323 913 422 969; x_wconf 85' lang='lat' dir='ltr'>deflete</span> <span class='ocrx_word' id='word_1_67' title='bbox 431 909 578 980; x_wconf 82' lang='lat' dir='ltr'>lugendam</span> <span class='ocrx_word' id='word_1_68' title='bbox 585 913 675 966; x_wconf 82' lang='lat' dir='ltr'>vicem</span> 
     </span>
    </p>
   </div>
   <div class='ocr_carea' id='block_1_3' title="bbox 102 1060 845 1116">
    <p class='ocr_par' dir='ltr' id='par_1_6' title="bbox 102 1060 845 1116">
     <span class='ocr_line' id='line_1_13' title="bbox 102 1060 845 1116; baseline 0.003 -4"><span class='ocrx_word' id='word_1_69' title='bbox 102 1060 275 1112; x_wconf 70' lang='lat' dir='ltr'><em>OHORUS</em></span> <span class='ocrx_word' id='word_1_70' title='bbox 297 1062 566 1113; x_wconf 72' lang='lat' dir='ltr'>surculum</span> <span class='ocrx_word' id='word_1_71' title='bbox 588 1062 845 1116; x_wconf 66' lang='lat' dir='ltr'><strong><em>MULIERUH·</em></strong></span> 
     </span>
    </p>
   </div>
   <div class='ocr_carea' id='block_1_4' title="bbox 73 1177 860 1351">
    <p class='ocr_par' dir='ltr' id='par_1_7' title="bbox 73 1177 860 1351">
     <span class='ocr_line' id='line_1_14' title="bbox 128 1177 860 1238; baseline 0.01 -14"><span class='ocrx_word' id='word_1_72' title='bbox 128 1179 236 1225; x_wconf 77' lang='lat' dir='ltr'>Mulieres</span> <span class='ocrx_word' id='word_1_73' title='bbox 248 1177 387 1235; x_wconf 70' lang='lat' dir='ltr'><strong><em>Calydoniae</em></strong></span> <span class='ocrx_word' id='word_1_74' title='bbox 396 1179 608 1226; x_wconf 79' lang='lat' dir='ltr'>Deians&#39;mscrtem</span> <span class='ocrx_word' id='word_1_75' title='bbox 613 1181 715 1238; x_wconf 62' lang='lat' dir='ltr'>amente</span> <span class='ocrx_word' id='word_1_76' title='bbox 725 1183 860 1230; x_wconf 72' lang='lat' dir='ltr'>amdlts&#39;m</span> 
     </span>
     <span class='ocr_line' id='line_1_15' title="bbox 75 1236 860 1295; baseline 0.003 -12"><span class='ocrx_word' id='word_1_77' title='bbox 75 1237 213 1288; x_wconf 72' lang='lat' dir='ltr'>auaritiam,</span> <span class='ocrx_word' id='word_1_78' title='bbox 224 1236 309 1286; x_wconf 67' lang='lat' dir='ltr'>lusum</span> <span class='ocrx_word' id='word_1_79' title='bbox 321 1241 438 1295; x_wconf 79' lang='lat' dir='ltr'>ceteraque</span> <span class='ocrx_word' id='word_1_80' title='bbox 447 1237 581 1283; x_wconf 66' lang='lat' dir='ltr'>mortalisne</span> <span class='ocrx_word' id='word_1_81' title='bbox 589 1239 758 1285; x_wconf 63' lang='lat' dir='ltr'>eustatmus</span> <span class='ocrx_word' id='word_1_82' title='bbox 767 1244 860 1287; x_wconf 70' lang='lat' dir='ltr'>deusta</span> 
     </span>
     <span class='ocr_line' id='line_1_16' title="bbox 73 1287 500 1351; baseline 0.007 -13"><span class='ocrx_word' id='word_1_83' title='bbox 73 1301 124 1344; x_wconf 78' lang='lat' dir='ltr'>tur,-</span> <span class='ocrx_word' id='word_1_84' title='bbox 131 1292 253 1351; x_wconf 74' lang='lat' dir='ltr'>privatam</span> <span class='ocrx_word' id='word_1_85' title='bbox 256 1287 384 1349; x_wconf 69' lang='lat' dir='ltr'>sermm</span> <span class='ocrx_word' id='word_1_86' title='bbox 393 1295 500 1341; x_wconf 32' lang='lat' dir='ltr'>musam!</span> 
     </span>
    </p>
   </div>
   <div class='ocr_carea' id='block_1_5' title="bbox 74 1383 753 2693">
    <p class='ocr_par' dir='ltr' id='par_1_8' title="bbox 134 1383 533 1449">
     <span class='ocr_line' id='line_1_17' title="bbox 134 1383 533 1449; baseline 0 -13"><span class='ocrx_word' id='word_1_87' title='bbox 134 1384 243 1437; x_wconf 83' lang='lat' dir='ltr'>Flemus</span> <span class='ocrx_word' id='word_1_88' title='bbox 254 1396 343 1447; x_wconf 80' lang='lat' dir='ltr'>casus,</span> <span class='ocrx_word' id='word_1_89' title='bbox 354 1383 450 1447; x_wconf 84' lang='lat' dir='ltr'>Oenei,</span> <span class='ocrx_word' id='word_1_90' title='bbox 459 1389 533 1449; x_wconf 87' lang='lat' dir='ltr'>tuos,</span> 
     </span>
    </p>

    <p class='ocr_par' dir='ltr' id='par_1_9' title="bbox 74 1454 696 1794">
     <span class='ocr_line' id='line_1_18' title="bbox 74 1454 696 1522; baseline 0.003 -18"><span class='ocrx_word' id='word_1_91' title='bbox 74 1454 125 1506; x_wconf 76' lang='lat'>585</span> <span class='ocrx_word' id='word_1_92' title='bbox 137 1454 273 1504; x_wconf 83' lang='lat' dir='ltr'>Comitum</span> <span class='ocrx_word' id='word_1_93' title='bbox 282 1454 385 1521; x_wconf 84' lang='lat' dir='ltr'>primos</span> <span class='ocrx_word' id='word_1_94' title='bbox 395 1454 538 1521; x_wconf 78' lang='lat' dir='ltr'>ttubaper</span> <span class='ocrx_word' id='word_1_95' title='bbox 547 1467 647 1522; x_wconf 75' lang='lat' dir='ltr'>auncs3</span> <span class='ocrx_word' id='word_1_96' title='bbox 691 1466 696 1473; x_wconf 87' lang='lat'><strong>·</strong></span> 
     </span>
     <span class='ocr_line' id='line_1_19' title="bbox 134 1521 633 1587; baseline 0.006 -14"><span class='ocrx_word' id='word_1_97' title='bbox 134 1522 243 1573; x_wconf 85' lang='lat' dir='ltr'>Flemus</span> <span class='ocrx_word' id='word_1_98' title='bbox 255 1521 367 1585; x_wconf 86' lang='lat' dir='ltr'>dubins,</span> <span class='ocrx_word' id='word_1_99' title='bbox 376 1523 544 1587; x_wconf 79' lang='lat' dir='ltr'>venerande,</span> <span class='ocrx_word' id='word_1_100' title='bbox 555 1529 633 1576; x_wconf 89' lang='lat' dir='ltr'>toros</span> 
     </span>
     <span class='ocr_line' id='line_1_20' title="bbox 133 1587 526 1644; baseline 0.008 -4"><span class='ocrx_word' id='word_1_101' title='bbox 133 1588 158 1640; x_wconf 87' lang='lat' dir='ltr'>N</span> <span class='ocrx_word' id='word_1_102' title='bbox 161 1606 191 1641; x_wconf 89' lang='lat' dir='ltr'>os</span> <span class='ocrx_word' id='word_1_103' title='bbox 201 1587 315 1642; x_wconf 82' lang='lat' dir='ltr'>Acheloi</span> <span class='ocrx_word' id='word_1_104' title='bbox 325 1596 416 1642; x_wconf 89' lang='lat' dir='ltr'>tecum</span> <span class='ocrx_word' id='word_1_105' title='bbox 427 1592 526 1644; x_wconf 85' lang='lat' dir='ltr'>solitae</span> 
     </span>
     <span class='ocr_line' id='line_1_21' title="bbox 134 1658 640 1724; baseline 0.01 -15"><span class='ocrx_word' id='word_1_106' title='bbox 134 1658 248 1710; x_wconf 80' lang='lat' dir='ltr'>Pulsure</span> <span class='ocrx_word' id='word_1_107' title='bbox 260 1659 358 1711; x_wconf 78' lang='lat' dir='ltr'>vadum</span> <span class='ocrx_word' id='word_1_108' title='bbox 364 1697 372 1724; x_wconf 92' lang='lat'>,</span> <span class='ocrx_word' id='word_1_109' title='bbox 384 1675 446 1711; x_wconf 88' lang='lat' dir='ltr'>cum</span> <span class='ocrx_word' id='word_1_110' title='bbox 454 1662 508 1712; x_wconf 85' lang='lat' dir='ltr'>iem</span> <span class='ocrx_word' id='word_1_111' title='bbox 520 1660 640 1714; x_wconf 83' lang='lat' dir='ltr'>tumidus</span> 
     </span>
     <span class='ocr_line' id='line_1_22' title="bbox 134 1727 564 1794; baseline 0.005 -16"><span class='ocrx_word' id='word_1_112' title='bbox 134 1727 208 1779; x_wconf 87' lang='lat' dir='ltr'>Vere</span> <span class='ocrx_word' id='word_1_113' title='bbox 218 1734 332 1794; x_wconf 80' lang='lat' dir='ltr'>peracto</span> <span class='ocrx_word' id='word_1_114' title='bbox 343 1735 458 1794; x_wconf 87' lang='lat' dir='ltr'>poneret</span> <span class='ocrx_word' id='word_1_115' title='bbox 468 1730 564 1793; x_wconf 88' lang='lat' dir='ltr'>undas,</span> 
     </span>
    </p>

    <p class='ocr_par' dir='ltr' id='par_1_10' title="bbox 75 1796 653 2139">
     <span class='ocr_line' id='line_1_23' title="bbox 75 1796 653 1866; baseline 0.002 -17"><span class='ocrx_word' id='word_1_116' title='bbox 75 1797 127 1849; x_wconf 76' lang='lat'>590</span> <span class='ocrx_word' id='word_1_117' title='bbox 140 1796 309 1864; x_wconf 86' lang='lat' dir='ltr'>Gracilisque</span> <span class='ocrx_word' id='word_1_118' title='bbox 320 1799 409 1864; x_wconf 86' lang='lat' dir='ltr'>gradu</span> <span class='ocrx_word' id='word_1_119' title='bbox 418 1804 542 1866; x_wconf 84' lang='lat' dir='ltr'>serperet</span> <span class='ocrx_word' id='word_1_120' title='bbox 552 1813 653 1866; x_wconf 80' lang='lat' dir='ltr'>ecquo,</span> 
     </span>
     <span class='ocr_line' id='line_1_24' title="bbox 142 1864 636 1933; baseline 0.006 -17"><span class='ocrx_word' id='word_1_121' title='bbox 142 1864 200 1917; x_wconf 90' lang='lat' dir='ltr'>Nec</span> <span class='ocrx_word' id='word_1_122' title='bbox 210 1866 387 1933; x_wconf 83' lang='lat' dir='ltr'>praecipitem</span> <span class='ocrx_word' id='word_1_123' title='bbox 397 1867 519 1919; x_wconf 78' lang='lat' dir='ltr'>volveret</span> <span class='ocrx_word' id='word_1_124' title='bbox 528 1882 636 1919; x_wconf 84' lang='lat' dir='ltr'>emnem</span> 
     </span>
     <span class='ocr_line' id='line_1_25' title="bbox 134 1934 591 2003; baseline 0.002 -17"><span class='ocrx_word' id='word_1_125' title='bbox 134 1934 233 1986; x_wconf 75' lang='lat' dir='ltr'>Fletus</span> <span class='ocrx_word' id='word_1_126' title='bbox 243 1940 325 2001; x_wconf 85' lang='lat' dir='ltr'>rupto</span> <span class='ocrx_word' id='word_1_127' title='bbox 337 1935 413 1987; x_wconf 86' lang='lat' dir='ltr'>fonte</span> <span class='ocrx_word' id='word_1_128' title='bbox 423 1936 591 2003; x_wconf 81' lang='lat' dir='ltr'>Lycormus3</span> 
     </span>
     <span class='ocr_line' id='line_1_26' title="bbox 134 2002 533 2070; baseline 0.008 -17"><span class='ocrx_word' id='word_1_129' title='bbox 134 2002 159 2053; x_wconf 95' lang='lat' dir='ltr'><strong>N</strong></span> <span class='ocrx_word' id='word_1_130' title='bbox 162 2018 192 2054; x_wconf 88' lang='lat' dir='ltr'>os</span> <span class='ocrx_word' id='word_1_131' title='bbox 203 2003 339 2054; x_wconf 83' lang='lat' dir='ltr'>Palladias</span> <span class='ocrx_word' id='word_1_132' title='bbox 349 2006 390 2056; x_wconf 87' lang='lat' dir='ltr'>irc</span> <span class='ocrx_word' id='word_1_133' title='bbox 400 2019 451 2070; x_wconf 85' lang='lat' dir='ltr'>per</span> <span class='ocrx_word' id='word_1_134' title='bbox 462 2020 533 2068; x_wconf 67' lang='lat' dir='ltr'>uras</span> 
     </span>
     <span class='ocr_line' id='line_1_27' title="bbox 134 2073 593 2139; baseline 0.009 -16"><span class='ocrx_word' id='word_1_135' title='bbox 134 2073 172 2123; x_wconf 83' lang='lat' dir='ltr'>Et</span> <span class='ocrx_word' id='word_1_136' title='bbox 183 2073 318 2139; x_wconf 74' lang='lat' dir='ltr'>uirgineos</span> <span class='ocrx_word' id='word_1_137' title='bbox 329 2073 469 2126; x_wconf 84' lang='lat' dir='ltr'>celebrare</span> <span class='ocrx_word' id='word_1_138' title='bbox 480 2073 593 2137; x_wconf 78' lang='lat' dir='ltr'>cheros3</span> 
     </span>
    </p>

    <p class='ocr_par' dir='ltr' id='par_1_11' title="bbox 75 2140 565 2275">
     <span class='ocr_line' id='line_1_28' title="bbox 75 2140 503 2209; baseline 0.012 -18"><span class='ocrx_word' id='word_1_139' title='bbox 75 2140 125 2192; x_wconf 76' lang='lat'>595</span> <span class='ocrx_word' id='word_1_140' title='bbox 137 2141 194 2192; x_wconf 77' lang='lat' dir='ltr'>Nos</span> <span class='ocrx_word' id='word_1_141' title='bbox 206 2140 331 2191; x_wconf 82' lang='lat' dir='ltr'>Cadmeis</span> <span class='ocrx_word' id='word_1_142' title='bbox 342 2142 419 2209; x_wconf 79' lang='lat' dir='ltr'>orgia</span> <span class='ocrx_word' id='word_1_143' title='bbox 430 2143 503 2196; x_wconf 82' lang='lat' dir='ltr'>serre</span> 
     </span>
     <span class='ocr_line' id='line_1_29' title="bbox 136 2208 565 2275; baseline 0.007 -14"><span class='ocrx_word' id='word_1_144' title='bbox 136 2211 240 2262; x_wconf 83' lang='lat' dir='ltr'>Tecum</span> <span class='ocrx_word' id='word_1_145' title='bbox 250 2208 348 2261; x_wconf 83' lang='lat' dir='ltr'>solitae</span> <span class='ocrx_word' id='word_1_146' title='bbox 359 2211 470 2264; x_wconf 85' lang='lat' dir='ltr'>condita</span> <span class='ocrx_word' id='word_1_147' title='bbox 481 2214 565 2275; x_wconf 82' lang='lat' dir='ltr'>cistis,</span> 
     </span>
    </p>

    <p class='ocr_par' dir='ltr' id='par_1_12' title="bbox 135 2279 580 2484">
     <span class='ocr_line' id='line_1_30' title="bbox 136 2279 580 2345; baseline 0.007 -13"><span class='ocrx_word' id='word_1_148' title='bbox 136 2281 204 2332; x_wconf 86' lang='lat' dir='ltr'>Cum</span> <span class='ocrx_word' id='word_1_149' title='bbox 213 2280 269 2329; x_wconf 83' lang='lat' dir='ltr'>iam</span> <span class='ocrx_word' id='word_1_150' title='bbox 280 2279 358 2345; x_wconf 87' lang='lat' dir='ltr'>pulso</span> <span class='ocrx_word' id='word_1_151' title='bbox 369 2281 459 2332; x_wconf 89' lang='lat' dir='ltr'>sidere</span> <span class='ocrx_word' id='word_1_152' title='bbox 468 2282 580 2335; x_wconf 87' lang='lat' dir='ltr'>brumae</span> 
     </span>
     <span class='ocr_line' id='line_1_31' title="bbox 135 2347 534 2416; baseline 0.013 -18"><span class='ocrx_word' id='word_1_153' title='bbox 135 2349 233 2399; x_wconf 84' lang='lat' dir='ltr'>Tertia</span> <span class='ocrx_word' id='word_1_154' title='bbox 243 2347 314 2399; x_wconf 82' lang='lat' dir='ltr'>soles</span> <span class='ocrx_word' id='word_1_155' title='bbox 326 2355 424 2400; x_wconf 79' lang='lat' dir='ltr'>evocat</span> <span class='ocrx_word' id='word_1_156' title='bbox 434 2357 534 2416; x_wconf 81' lang='lat' dir='ltr'>aestas,</span> 
     </span>
     <span class='ocr_line' id='line_1_32' title="bbox 136 2416 551 2484; baseline 0.012 -17"><span class='ocrx_word' id='word_1_157' title='bbox 136 2418 173 2468; x_wconf 81' lang='lat' dir='ltr'>Et</span> <span class='ocrx_word' id='word_1_158' title='bbox 184 2416 328 2484; x_wconf 82' lang='lat' dir='ltr'>spiciferae</span> <span class='ocrx_word' id='word_1_159' title='bbox 340 2432 472 2471; x_wconf 78' lang='lat' dir='ltr'>concessa</span> <span class='ocrx_word' id='word_1_160' title='bbox 483 2421 551 2472; x_wconf 83' lang='lat' dir='ltr'>deae</span> 
     </span>
    </p>

    <p class='ocr_par' dir='ltr' id='par_1_13' title="bbox 77 2485 584 2551">
     <span class='ocr_line' id='line_1_33' title="bbox 77 2485 584 2551; baseline 0.004 -16"><span class='ocrx_word' id='word_1_161' title='bbox 77 2485 126 2536; x_wconf 79' lang='lat'>600</span> <span class='ocrx_word' id='word_1_162' title='bbox 138 2490 228 2536; x_wconf 73' lang='lat' dir='ltr'>Attica</span> <span class='ocrx_word' id='word_1_163' title='bbox 238 2491 343 2551; x_wconf 79' lang='lat' dir='ltr'>mystas</span> <span class='ocrx_word' id='word_1_164' title='bbox 354 2487 457 2539; x_wconf 85' lang='lat' dir='ltr'>claudit</span> <span class='ocrx_word' id='word_1_165' title='bbox 467 2489 584 2540; x_wconf 80' lang='lat' dir='ltr'>Eleusin.</span> 
     </span>
    </p>

    <p class='ocr_par' dir='ltr' id='par_1_14' title="bbox 127 2556 753 2693">
     <span class='ocr_line' id='line_1_34' title="bbox 134 2556 753 2627; baseline 0.008 -17"><span class='ocrx_word' id='word_1_166' title='bbox 134 2556 214 2610; x_wconf 76' lang='lat' dir='ltr'>Nunc</span> <span class='ocrx_word' id='word_1_167' title='bbox 227 2571 353 2626; x_wconf 74' lang='lat' dir='ltr'>qunque,</span> <span class='ocrx_word' id='word_1_168' title='bbox 362 2572 457 2608; x_wconf 80' lang='lat' dir='ltr'>cusum</span> <span class='ocrx_word' id='word_1_169' title='bbox 465 2574 649 2622; x_wconf 66' lang='lat' dir='ltr'>quemcunque</span> <span class='ocrx_word' id='word_1_170' title='bbox 658 2562 753 2627; x_wconf 86' lang='lat' dir='ltr'>times,</span> 
     </span>
     <span class='ocr_line' id='line_1_35' title="bbox 127 2625 556 2693; baseline -0.028 -6"><span class='ocrx_word' id='word_1_171' title='bbox 127 2631 218 2686; x_wconf 80' lang='lat' dir='ltr'>Fides</span> <span class='ocrx_word' id='word_1_172' title='bbox 233 2631 358 2683; x_wconf 82' lang='lat' dir='ltr'>comites</span> <span class='ocrx_word' id='word_1_173' title='bbox 367 2625 556 2693; x_wconf 62' lang='lat' dir='ltr'>decrustans:</span> 
     </span>
    </p>
   </div>
   <div class='ocr_carea' id='block_1_6' title="bbox 0 0 939 2970">
    <p class='ocr_par' dir='ltr' id='par_1_15' title="bbox 0 0 939 2970">
     <span class='ocr_line' id='line_1_36' title="bbox 0 0 939 2970; baseline 0 0"><span class='ocrx_word' id='word_1_174' title='bbox 0 0 939 2970; x_wconf 95' lang='lat' dir='ltr'> </span> 
     </span>
    </p>
   </div>
  </div>
 </body>
</html>
