1860 2970
223 146 460 202 THYESTES.
494 149 582 202 ΑΟΤ.
609 150 658 203 lv.
821 155 854 203 11

58 253 205 320 Utriusque
215 251 335 319 praedae
346 251 445 317 cupida
454 252 519 319 (quo
529 253 631 319 primos
641 250 714 307 ierat

57 318 640 384 interminorum,flectitlrucrietussuos‚
704 360 708 367 .
802 325 853 374 110

57 390 108 440 lllo
118 387 249 451 reflectit,
260 393 289 440 et
298 388 397 439 tamem
407 388 515 438 dubiam
525 393 629 453 teneti,
672 432 679 449 x

59 457 105 508 Sic
117 457 191 507 dirus
201 458 298 507 Atreus
310 459 401 522 eapite
411 456 511 507 devota
518 458 618 524 impiae

57 525 222 593 Speculatur
230 526 297 576 irae.
315 525 403 586 Quem
413 527 487 590 prius
497 531 599 577 mactet
608 526 672 590 sibi,

56 594 186 656 Dubitnt3
198 593 318 644 seouuda
328 593 424 644 deinde
436 606 515 660 quem
526 594 610 645 caede
621 594 750 646 immolet.

56 661 116 713 Nee
126 662 253 726 interest3
265 660 312 713 sed
323 661 442 723 dubitat,
454 671 482 712 et
491 677 601 713 saevum
611 663 698 714 scelus
801 663 851 714 115
906 660 910 665 “

56 729 276 781 luratordinare.
295 742 396 779 ouon
408 729 669 791 Quemtamenterro
677 732 808 798 occupati

57 813 75 848 n
82 811 159 849 unu.
170 797 277 848 Primus
287 797 363 848 locus
372 799 384 860 (
389 813 423 848 ne
433 798 528 850 deesse
539 800 670 863 pietatem
678 805 775 868 putes)

59 867 117 917 Ατο
129 866 248 929 dicatum
260 866 391 917 Tantalus
401 867 488 932 prima
497 865 587 918 hostia
596 872 647 920 est.

61 947 164 986 cuore
176 935 237 996 Quo
247 935 350 986 iuvenis
362 936 461 997 animo,
472 949 526 1002 qno
536 934 794 988 tulitrultunecennl

59 1016 162 1053 nunu.
174 1001 256 1055 Stetit
266 1004 308 1054 sui
317 1018 443 1066 securus,
455 1009 483 1054 et
492 1018 547 1053 non
557 1009 599 1055 est
608 1018 704 1069 preces
803 1006 853 1055 120

59 1071 155 1122 Perire
165 1069 381 1137 fmstrapnssus.
397 1073 446 1121 Ast
456 1070 494 1121 illi
504 1071 578 1123 lenus

59 1139 91 1190 ln
102 1139 214 1190 vulnere
225 1154 316 1191 ensem
328 1138 484 1200 abscondit,
496 1143 525 1189 et
535 1138 640 1206 penitm
650 1153 774 1207 premens

59 1207 157 1274 iugulo
168 1221 276 1257 manum
288 1207 431 1259 commisit.
448 1208 555 1258 Edueto
566 1207 644 1259 stetit

59 1277 147 1326 Firro
160 1274 288 1337 caderem
299 1290 415 1342 eumque
426 1275 576 1327 dubitasset
585 1276 644 1339 diu,

10 1344 12 1349 '
60 1344 223 1409 Haemo,
234 1355 269 1394 an
279 1343 327 1395 illa
336 1344 459 1407 caderet,
470 1345 496 1394 iu
507 1350 632 1411 patruum
645 1343 724 1396 eadit.
803 1347 853 1397 125

60 1413 140 1462 Tunc
150 1410 193 1469 ille
205 1410 240 1462 ad
251 1427 312 1462 aras
321 1410 485 1462 Plisthenem
497 1427 593 1464 saevus
604 1411 688 1465 trallit

59 1480 202 1547 Adicitque
213 1479 305 1542 fratri3
317 1480 388 1530 colla
398 1495 528 1546 percussa
538 1487 675 1547 amputat3

59 1549 172 1600 cervice
183 1562 265 1600 caesa
274 1554 386 1599 truncus
396 1550 423 1599 in
433 1563 548 1615 pronum
558 1551 626 1613 ruit,

57 1617 207 1681 Querulum
218 1618 338 1668 cucurrit
346 1631 482 1669 murmure
491 1619 596 1668 incerto
609 1622 699 1684 eaput.

58 1683 790 1753 cnon.Quindeindegeminaeaedeperfunctuslaeitl
802 1687 852 1740 130

55 1753 184 1805 Puer-one
193 1752 299 1821 partiti
309 1769 344 1804 an
355 1752 442 1805 scelus
453 1754 549 1804 sceleri
559 1753 675 1820 ingeriit

55 1834 160 1872 nunu
179 1822 367 1873 silveiubatus
381 1822 467 1889 qualis
476 1823 601 1874 Armenia
611 1822 655 1874 leo

55 1891 86 1941 ln
98 1888 185 1942 caede
195 1889 280 1941 multa
289 1891 378 1941 victer
387 1895 511 1941 armento
521 1890 634 1942 incubat

56 1961 67 2015 t
73 1960 179 2009 cruore
189 1959 273 2010 rietus
283 1957 406 2010 medidus
417 1963 445 2009 et
455 1959 533 2025 pulsa
542 1957 613 2010 lanne

56 2025 121 2078 Non
130 2027 207 2092 penit
216 2025 357 2078 irastlniuc
367 2033 395 2078 et
404 2025 467 2079 hinc
477 2032 571 2079 tauros
582 2042 705 2094 premens
802 2032 852 2080 135

56 2094 157 2146 Vitulis
167 2096 298 2158 minatur,
309 2095 390 2146 dente
399 2097 453 2146 ianr
463 2095 534 2146 lasso
544 2098 651 2164 piger):

55 2162 120 2214 Non
131 2162 210 2214 aliter
220 2165 317 2216 Atreus
328 2165 415 2215 saevit
424 2170 505 2231 atque
515 2166 557 2215 ira
566 2170 667 2230 tumet3

55 2231 225 2298 Ferrumque
235 2233 343 2298 gemina
353 2233 435 2288 caede
445 2232 584 2299 perfusum
593 2238 701 2294 tenens,

57 2299 169 2351 Oblitus
178 2301 207 2350 ln
218 2315 298 2367 quem
308 2307 413 2363 rueret,
423 2301 523 2352 infesta
533 2317 615 2353 manu

52 2368 156 2436 Exegit
165 2368 238 2420 ultra
247 2384 354 2436 eorpus.
372 2371 494 2436 nepueu
504 2373 596 2422 statim
800 2370 850 2420 140

52 2436 176 2489 Pectore
185 2443 313 2505 receptus
324 2439 395 2490 ensis
404 2440 431 2488 in
441 2444 520 2505 tergo
532 2439 629 2490 extitit.

54 2505 205 2568 cartutule,
217 2511 245 2558 et
255 2521 317 2559 aras
327 2508 457 2574 sanguine
468 2509 627 2573 extinguens
637 2519 697 2567 suo,

51 2573 109 2628 Per
119 2579 264 2644 utrumque
274 2575 370 2630 vulnus
379 2576 502 2629 moritur.
528 2587 628 2693 ferun.
647 2575 791 2628 Osaemnn

286 2656 290 2661 ·
483 2657 529 2696 sce
541 2658 585 2696 us.
