1860 2970
194 136 206 147 '
222 140 506 192 HIPPOLYTUS.
541 144 629 193 nc'l'.
647 146 667 195 l.

58 242 229 310 Venerisque
238 256 337 294 numen
348 244 426 293 tinnit
435 253 517 311 atque
529 260 608 296 arcus
619 245 670 298 dei.

56 313 188 379 Quisquis
198 313 324 363 secundis
334 313 414 362 rebus
426 314 530 363 exultat
540 314 628 374 nimis,
803 318 852 365 205

56 382 185 447 Fluitqus
193 380 273 443 luxu,
284 396 391 446 semper
400 382 509 431 insolita
520 382 631 447 adpetit.

57 451 137 499 'l'nnc
147 450 194 499 illa
204 464 320 515 magnus
330 450 390 499 (litu
398 449 524 499 funtunne
536 466 628 502 eunies

57 518 138 568 Subit
149 516 248 567 libido:
259 532 313 568 uon
323 518 431 584 placent
441 524 535 569 suetae
546 519 639 585 dapes,

56 586 119 637 Non
132 591 206 636 tecta
216 588 275 636 sani
285 588 380 648 neonis,
389 592 437 636 aut
446 588 504 637 vilis
517 588 600 638 cibus.

58 655 146 705 Curin
157 660 269 719 pennates
280 656 367 704 rarius
377 662 472 705 tenues
482 657 554 707 subit

58 723 138 773 Haec
149 722 279 772 delicatas
291 722 391 788 eligens
402 725 486 788 pestis
499 722 611 774 dumosi

58 793 113 842 Cur
125 796 221 840 sancta
229 792 319 856 passis
331 789 435 840 habitat
444 793 472 840 in
483 794 563 842 tectis
574 791 675 855 Venus,

56 859 233 925 Mediumque
244 872 327 909 sanos
336 859 432 924 uulgus
443 859 565 910 adfectus
578 868 660 921 tenet,

56 928 95 978 Et
104 942 135 978 se
147 932 277 977 coercent
286 925 409 977 monitui
426 929 526 977 Contra
536 928 632 978 diuites

57 997 207 1062 Regnoque
217 995 278 1044 fulti
288 996 379 1061 plura,
391 995 523 1061 quamius
535 1002 589 1057 est,
600 992 712 1060 petunt!
802 998 852 1046 215

58 1064 139 1125 Quod
150 1078 203 1112 non
214 1068 317 1128 potest,
328 1064 385 1112 vult
396 1078 490 1128 posse,
503 1065 546 1129 qul
557 1065 668 1113 nimium
677 1070 776 1131 potest.

57 1132 131 1193 Quid
143 1132 241 1181 decent
250 1131 305 1181 ulto
316 1131 468 1197 praeditam
478 1132 561 1193 solio,
571 1132 660 1183 uides:

56 1200 151 1251 Metue
163 1214 195 1248 ac
206 1214 300 1250 venere
309 1206 420 1265 sceptra
430 1202 574 1251 renneantls
586 1202 643 1251 uri.

56 1281 110 1317 eu.
130 1268 235 1318 Animis
245 1269 272 1317 in
282 1282 326 1317 me
335 1270 480 1318 maximum
492 1285 603 1335 regnum
614 1276 690 1335 puto,

55 1336 224 1403 Reditusque
236 1336 323 1385 nullos
335 1343 440 1387 mutuo:
452 1352 506 1387 nun
516 1353 634 1403 unquam
645 1338 758 1404 nnnplius
803 1340 852 1388 220

57 1406 188 1456 Convexa
196 1405 287 1471 tetigit
296 1420 408 1469 supera,
422 1405 466 1470 qui
476 1420 580 1456 mersus
591 1406 674 1455 semel

57 1474 130 1525 Adiit
139 1473 263 1527 silentem
273 1479 353 1522 nocte
366 1481 496 1538 perpetuu
507 1474 625 1522 (lonium.

57 1556 160 1594 utun.
178 1540 219 1591 Ne
231 1542 311 1592 clude
323 1542 387 1591 Diti.
423 1542 537 1592 cluserit
547 1555 660 1608 regnum
669 1540 741 1602 licet,

57 1612 192 1676 Canisque
203 1610 275 1659 diras
285 1608 397 1675 Stygius
409 1611 534 1660 obsem'et
544 1610 630 1661 iores:

56 1676 137 1730 Solus
147 1684 262 1743 negatas
272 1679 373 1728 invenit
384 1678 507 1728 'l‘lneseus
516 1680 583 1729 ties.
802 1677 851 1725 225

58 1761 111 1797 eu.
125 1746 241 1797 Veniam
250 1746 294 1797 ille
305 1748 389 1797 umori
401 1747 516 1797 forsitan
527 1752 619 1797 nostro
630 1744 714 1797 dabit.

56 1828 157 1866 uuun.
176 1815 289 1864 Immitis
300 1817 383 1865 etiam
394 1816 501 1883 coniugi
513 1820 604 1865 castae
614 1813 678 1864 iuit:

56 1884 180 1949 Experta
189 1896 297 1932 saevum
308 1890 350 1933 est
360 1885 477 1934 ban-barn
486 1886 601 1948 Antiope
611 1896 728 1935 manum.

56 1952 109 2003 Seu
120 1965 203 2017 posse
214 1949 287 2000 flecti
298 1954 440 2018 coniugem
449 1955 548 2002 iratum
558 1957 636 2017 putu:

55 2021 120 2080 Quis
131 2017 211 2069 huius
222 2019 338 2069 animum
351 2019 442 2070 ilectet
452 2017 667 2071 intractabilemi
800 2020 851 2068 230

53 2088 163 2139 Exosus
175 2101 254 2137 omne
265 2089 381 2137 luminae,
391 2104 488 2139 nomen
499 2088 579 2157 fugit,

53 2156 168 2207 immitis
179 2168 264 2204 annos
275 2156 373 2206 coelibi
382 2158 453 2207 vitae
465 2158 546 2219 dicut,

54 2222 197 2274 connubia
207 2224 288 2272 vitat:
300 2240 384 2291 genus
394 2227 568 2276 Amazonium
579 2230 657 2277 scias.

54 2306 104 2341 nu.
115 2292 238 2341 Huncin
247 2293 332 2342 nivosi
345 2293 418 2343 collis
431 2292 585 2345 haerentem
594 2295 672 2361 iugis,

54 2361 89 2410 Et
101 2374 202 2424 aspera
213 2352 276 2425 agili
286 2375 352 2410 suna
363 2362 512 2412 calcantem
523 2364 601 2428 pede,
800 2356 849 2408 ²35

53 2425 137 2494 Sequi
149 2428 265 2493 peralta
274 2444 393 2491 nemora,
404 2438 582 2496 permutes,
593 2431 694 2496 placet!

54 2509 120 2546 sun
128 2510 155 2545 n.
174 2496 293 2547 Resistet
303 2498 360 2559 ille,
372 2514 453 2565 seque
464 2500 634 2549 mulcendum
644 2497 729 2557 dubit,

53 2566 208 2629 custosque
218 2566 286 2615 nitus
296 2581 395 2617 senene
405 2582 458 2618 non
471 2575 546 2618 casta
557 2565 654 2617 exuett

53 2633 75 2682 T
77 2633 116 2682 ibi
127 2638 214 2696 punet
225 2633 328 2696 odium,
339 2638 414 2687 cuius
425 2636 487 2687 odio
498 2636 612 2687 forsitan

113 2698 193 2751 Sus.
218 2700 326 2752 Tnnn.
658 2706 693 2758 ll
