1860 2970
72 151 122 203 aaa
250 147 284 199 a.
320 146 475 200 arram
492 144 684 216 seruere

130 253 211 305 Adire
223 257 310 314 certe,
323 253 464 317 coniugem
473 258 595 304 extremo
608 249 719 318 adloqui

60 321 263 385 '420„Sermone
275 322 372 387 petrut.
407 321 470 370 Hoc
481 335 588 386 quoque
599 321 727 372 extimuit
736 319 821 375 ferox.

131 391 240 442 Lauare
252 395 326 441 certe
338 394 444 454 tempus
454 389 564 438 immitis
574 386 658 453 fugae

134 460 243 512 Genera
254 457 362 510 licebat.
396 454 504 506 Liberis
516 471 584 506 unus
595 457 653 507 dies

44 580 48 585 ,
133 526 223 578 Datus
234 534 275 578 est
287 526 401 576 duobus.
412 552 444 561 —
454 522 516 573 Nou
527 539 627 591 queror
637 530 746 592 tempus
757 528 848 579 brere:

134 596 250 647 Multum
261 594 374 660 patebit.
408 593 504 643 Faciet
515 591 573 655 hic,
583 591 682 655 faciet,
694 595 762 657 dies,

76 665 125 718 425
138 665 217 726 Quod
227 664 314 713 nullus
325 676 444 728 unquam
453 660 558 712 taceat!
579 661 708 713 invadam
720 663 797 726 deos,
840 666 847 673 ‘

81 796 85 801 Ι
134 735 171 785 Et
182 737 281 784 cuncta
292 729 424 799 quatiam!
444 743 512 780 rur
520 744 546 781 ra
558 729 659 849 Recipe
669 731 810 784 turbatum
818 746 868 783 ma·

135 868 458 934 Hera‚pectus!animum
465 864 658 935 mitigatura]
672 866 786 920 Solaest
792 870 870 938 quies,

134 938 243 989 Mecum
253 940 332 989 ruina
343 945 441 988 cuncta
450 939 474 986 si
483 937 563 988 rideo
575 937 681 988 obruta.

134 1007 244 1057 Mecum
256 1007 346 1057 omnia
358 1005 470 1063 abeant!
482 1004 604 1067 trahere,
617 1018 792 1071 cumpereas,
801 1006 871 1058 libet

74 1075 128 1127 430
140 1089 158 1125 rc
167 1089 243 1126 urm
255 1076 343 1137 Quam
352 1074 439 1125 multa
448 1073 634 1136 armamenta,
645 1074 668 1124 si
679 1081 796 1140 perstas,
805 1075 863 1128 ride

135 1143 221 1197 Nemo
231 1149 357 1212 putentes
368 1141 480 1210 adgredi
492 1146 566 1194 tutus
577 1146 677 1209 petest.

311 1293 460 1353 lusor,
481 1293 649 1341 MEDEA.

132 1411 248 1459 truanes,
259 1408 378 1464 gravatim
387 1407 496 1452 Mertram
503 1400 647 1460 deserentem,
658 1415 871 1467 repraesentantem,

77 1468 212 1523 aggreditur
221 1466 305 1510 Medea
314 1463 455 1520 opprobriis,
463 1465 579 1520 precihus,
588 1465 698 1510 situatam
707 1465 871 1509 conciliatione.

137 1571 200 1608 ras.
213 1557 235 1608 0
249 1556 317 1608 dura
328 1555 387 1607 fata
396 1569 517 1622 semper,
529 1560 558 1607 et
566 1561 668 1608 sertem
680 1571 814 1622 asperam,

138 1629 204 1679 Cum
212 1627 311 1688 saevit,
323 1631 351 1677 et
363 1639 423 1676 eum
435 1625 536 1691 parcit,
548 1639 582 1674 ex
594 1639 681 1691 aequo
692 1625 764 1676 mala

135 1695 263 1747 Remedia
274 1695 380 1761 quoties
390 1694 493 1744 invenit
501 1693 580 1743 uobis
591 1693 657 1744 deus
726 1697 729 1703 '

74 1765 126 1817 435
139 1763 270 1815 Periculis
281 1760 387 1828 peiora!
410 1760 439 1812 Si
448 1761 544 1813 vellem
554 1761 637 1813 tidem

134 1834 280 1884 Praestare
291 1831 393 1882 meritis
404 1831 539 1898 coniugis:
550 1832 605 1882 leto
616 1830 669 1882 fuit

136 1903 224 1967 Caput
234 1899 423 1962 obferendum3
435 1901 459 1951 si
468 1901 538 1951 niori
548 1900 642 1950 nolim:
654 1899 707 1952 fide

136 1971 239 2020 Misero
251 1968 397 2026 carendum
408 1973 458 2020 est.
494 1968 555 2019 Neu
566 1970 649 2020 timor
660 1970 726 2021 vicit
737 1971 831 2032 virum,

138 2038 192 2090 Sed
204 2037 310 2104 trepida
320 2039 420 2103 pietus:
433 2038 531 2103 quippe
542 2044 701 2106 sequeretur
712 2053 808 2090 necem
836 2067 840 2072 Δ

76 2109 128 2160 440
140 2106 235 2159 Proles
245 2112 407 2173 parentum.»
434 2106 456 2155 0
469 2112 577 2168 sancta,
589 2109 611 2158 si
624 2108 730 2173 coelum
739 2107 843 2169 incelis,

135 2178 255 2238 lustitia,
267 2189 364 2226 numen
374 2176 472 2227 iuroeo
484 2191 518 2226 ac
527 2179 615 2228 testor
625 2184 711 2240 tuum,

137 2245 220 2296 Grati
230 2248 335 2310 patrem
346 2246 445 2296 vicere.
481 2247 552 2308 Quin
560 2247 648 2312 ipsam
659 2261 775 2314 quoque,

136 2315 194 2366 Etsi
205 2313 284 2365 ferox
295 2318 337 2365 est
347 2314 429 2366 corde
439 2329 490 2367 nee
500 2317 605 2381 patiens
616 2317 683 2382 iugi,

137 2383 283 2434 Consulere
294 2386 364 2434 natis
376 2382 456 2435 malle
467 2399 546 2450 quam
556 2384 766 2437 thalamisreur.

78 2452 128 2503 445
142 2452 287 2502 Constituit
298 2453 402 2502 animus
413 2452 538 2517 precibus
546 2455 648 2503 iratam
658 2451 779 2519 adgredi.

133 2521 221 2591 sitque
233 2519 310 2586 ecce!
322 2521 380 2574 viso
390 2524 491 2573 memet
500 2520 607 2582 exiluit,
617 2520 696 2571 furit:

120 2594 150 2645 F
149 2600 194 2647 ert
204 2593 272 2648 odia
284 2608 353 2664 prae
366 2607 412 2656 se,
422 2596 501 2644 tutus
509 2590 541 2656 'ru
548 2588 629 2638 *cuitu
638 2593 683 2636 est
691 2587 778 2636 dutus.

112 2680 189 2720 urru-
202 2664 231 2722 F
232 2652 903 2740 agimus,lason,rugimusmacussessmxa„
