1860 2970
75 117 125 168 tali
250 111 303 178 [11.
333 106 491 161 ,annual
509 104 728 176 SENECAE]

135 214 244 283 Spernit
256 211 375 279 Superos
385 209 561 277 hominesque
574 209 668 275 simul3

132 285 191 335 Nec
201 283 338 334 fortunam
348 281 421 345 capit
431 280 490 345 ipse
500 292 587 340 snam,

89 357 122 405 00
135 355 223 416 Quam
237 351 312 402 dedit
322 349 360 399 illi
370 363 420 416 per
429 347 517 398 scelus
527 347 624 412 ingens

132 419 247 473 infanda
256 432 363 483 parens·
382 416 462 466 Licet
472 415 610 482 ingratum

131 489 216 539 Dirae
228 487 330 552 pudeat
340 499 451 535 munere
462 484 557 534 matris

132 558 195 607 linc
205 555 349 620 imperium
360 553 478 618 cepisse3
489 550 555 601 licet

132 626 251 674 'l'antum
262 636 358 671 munus
368 625 456 671 morte
467 617 613 686 rependatr

88 695 122 748 95
132 694 215 745 Feret
225 689 296 740 hunc
309 688 416 740 titulum
426 693 491 756 post
500 686 560 738 fata
568 692 664 741 tamen

130 762 244 813 Femina
255 760 336 825 longo
346 770 454 823 semper
463 757 490 807 in
500 769 577 809 aevo.

131 843 174 880 nu
182 842 200 878 r
207 843 234 878 n.
244 828 330 878 Animi
341 827 428 878 retine
437 825 522 876 verba
531 823 662 878 furentis!

133 899 250 948 Temere
262 896 387 946 emissam
399 894 547 960 comprime
557 894 670 946 rocem!

134 979 207 1015 oen.
236 962 393 1018 Toleranda
411 963 522 1031 quaeris
538 963 641 1029 patiar:
670 959 750 1018 haud
765 982 862 1037 nnqnar

570 1036 675 1098 queant

74 1105 124 1154 100
136 1101 193 1152 Nisi
205 1106 293 1152 morte
303 1099 376 1151 tristi
385 1102 480 1151 nostra
490 1097 561 1150 finiri
572 1099 654 1151 mala.

135 1170 273 1220 Genitrice
285 1183 378 1230 caesa,
389 1182 439 1233 per
448 1167 537 1220 scelus
548 1181 597 1234 rap
603 1173 630 1219 to
637 1173 730 1236 patre,

133 1236 239 1289 Orbata
248 1236 347 1298 fratre,
358 1237 487 1299 miseriis,
498 1235 572 1286 luctu
583 1237 692 1300 obruta,

133 1305 262 1357 Mnerore
274 1319 382 1371 pressa,
393 1306 504 1372 coniugi
512 1305 612 1367 invisa,
625 1320 659 1356 ac
669 1320 752 1358 meae

135 1372 264 1424 Subiecta
274 1372 405 1436 famulae,
416 1373 477 1424 luce
488 1387 542 1423 non
552 1379 632 1441 grata
643 1372 733 1439 fruor,

75 1443 125 1494 105
137 1442 304 1509 'l'repidante
315 1456 423 1507 semper
434 1441 531 1504 corde,
543 1457 596 1492 nnn
607 1444 705 1494 mortis
717 1450 805 1506 metu,

135 1511 189 1562 Sed
199 1511 317 1562 sceleris.
335 1510 411 1561 Absit
421 1509 625 1561 crimenafntis
635 1513 714 1573 meis,

133 1580 206 1630 Mori
217 1580 332 1630 iuvabit:
344 1592 433 1644 poena
443 1593 506 1629 nam
516 1580 626 1645 gravior
636 1594 706 1632 nece
717 1591 762 1632 est

132 1648 233 1698 Videre
245 1647 362 1698 tumidos
373 1653 402 1697 et
412 1652 504 1698 truces
514 1648 629 1698 miserae
640 1647 709 1698 mihi

132 1716 231 1767 Vultus
240 1717 364 1782 tyranni,
374 1716 486 1783 iungere
498 1720 580 1782 atque
590 1714 662 1767 hosti
674 1719 773 1770 oscula
779 1738 787 1783 3

72 1788 122 1836 110
134 1786 243 1835 Timere
254 1789 348 1845 nutus,
362 1785 437 1835 cuius
450 1784 609 1850 obsequium
619 1800 697 1836 meus
732 1826 738 1833 .

132 1853 215 1903 liaud
225 1853 296 1904 serre
307 1857 402 1918 posset
412 1851 471 1902 fata
481 1858 545 1917 post
555 1851 649 1903 fratris
662 1853 754 1918 dolor,

133 1921 241 1972 Scelere
252 1921 404 1982 interemti,
417 1921 492 1972 cuius
502 1922 645 1986 imperium
656 1927 755 2000 tenet,

132 1991 168 2039 Et
179 1995 265 2040 morte
276 1990 378 2057 gaudet
388 1993 485 2040 auctor
493 1989 620 2040 infandae
630 1993 717 2043 necis.

132 2059 220 2118 Quam
231 2072 312 2123 saepe
323 2059 408 2108 tristis
418 2058 515 2108 umbra
524 2060 645 2125 germani
658 2062 730 2113 meis

71 2128 121 2177 115
133 2125 254 2176 offertur
266 2127 364 2189 oculis,
375 2127 498 2177 membra
508 2141 568 2177 cnm
578 2127 659 2178 snlrit
670 2132 761 2194 quies,

130 2196 167 2244 Et
177 2193 251 2245 sessa
259 2192 325 2245 fletu
337 2195 439 2246 lumina
449 2196 584 2263 oppressit
595 2196 692 2262 sopor!

130 2263 214 2313 lilodo
226 2262 331 2314 facibus
343 2267 408 2315 atris
420 2270 506 2315 armat
517 2264 638 2315 infirmas
649 2279 760 2330 manus,

130 2332 283 2397 oculosque
295 2340 323 2383 et
335 2348 384 2384 ora
393 2331 485 2383 fratris
496 2333 610 2384 infestus
622 2335 706 2398 petit;

128 2399 212 2449 blodo
224 2401 343 2465 trepidus
353 2401 424 2451 idem
436 2399 537 2467 refugit
546 2404 573 2452 in
584 2400 720 2454 thalamos
733 2419 828 2470 meos3

70 2465 120 2511 12⁰
131 2465 306 2532 Persequitur
316 2467 415 2530 hostis,
428 2475 508 2535 atque
519 2468 669 2522 inhaerenti
679 2470 748 2524 milri

130 2536 273 2590 Violentus
286 2553 379 2591 ensem
386 2553 435 2604 per
444 2537 516 2588 latus
526 2545 646 2588 nestrum
657 2542 742 2605 rapit.

129 2609 214 2666 Tune
224 2617 332 2667 tremor
345 2615 376 2663 et
383 2609 483 2680 ingens
491 2607 596 2659 exeunt
604 2619 821 2673 somnoswnr„
