1860 2970
68 164 100 215 12
254 157 288 210 L.
305 155 462 210 ANNAEI
480 154 672 209 SENECAE

129 262 199 325 Quid
209 260 318 312 stabula
326 274 475 312 memorem
485 259 544 311 dira
553 259 671 311 Bistonii
679 273 729 327 gre
750 263 757 275 ’
779 298 789 327 ,

127 331 242 398 Suisque
252 345 344 396 regem
355 328 483 395 pabulum
494 330 622 379 armentis
634 276 773 381 dammim

128 400 295 466 Solitumque
308 397 397 448 densis
408 396 543 464 hispidum
554 396 717 463 Erymanthi
729 400 803 467 iugis

127 468 243 519 rlrcadia
255 473 366 534 quatere
378 481 490 518 nemora
499 467 665 518 Maenalium
674 467 770 519 sueml

69 539 119 591 230
131 539 306 603 Taurumque
317 541 425 586 centum
435 551 489 586 non
499 536 587 586 lovem
597 536 705 602 populis
716 538 838 591 metum'l

127 607 202 657 lnter
212 610 332 655 remotos
344 605 432 670 gentis
443 604 595 667 Hesperiae
608 619 707 671 greges

128 676 228 725 Pastor
239 672 370 724 triformis
380 671 479 723 littoris
489 673 624 722 Tartessii

128 743 285 803 Pereudos,
298 747 362 792 acta
372 746 414 791 est
424 740 527 806 praeda
537 740 571 790 ab
583 755 684 791 occasu
694 740 792 793 ultimo
798 760 806 806 ;

129 811 230 863 Notum
241 808 387 861 Cithaeron
398 811 473 875 pavit
485 811 595 862 Oceano
604 824 698 877 pecus.

70 883 119 934 235
130 882 279 933 l’enetrare
288 879 378 928 iussus
389 879 454 927 solis
466 880 561 928 aestivi
573 879 681 945 plagas,

128 951 166 999 Et
176 947 274 998 adusta
283 946 388 998 medius
398 960 485 1012 regna
495 961 564 1013 quae
575 952 663 998 torret
671 946 744 1011 dies,

128 1017 269 1084 Utrimque
279 1022 387 1066 montes
397 1015 490 1066 soluit:
502 1014 618 1080 abrupto
630 1015 719 1068 obiice

128 1086 230 1137 Iratam
240 1086 330 1136 ruenti
340 1084 406 1135 iecit
418 1085 529 1135 Oceano
539 1085 620 1135 viam.

128 1155 197 1207 Post
206 1152 287 1216 haec,
301 1153 413 1204 adortus
423 1154 542 1204 nemoris
553 1151 674 1219 opulenti
684 1153 795 1219 domos,

69 1229 119 1278 240
129 1222 254 1275 hun'iera
264 1222 351 1290 vigilis
363 1221 450 1288 spolia
460 1224 593 1290 serpentis
605 1223 675 1274 tulit.

130 1290 217 1354 Ouidi
228 1306 310 1343 saera
320 1291 429 1343 Lernae
439 1299 571 1356 monstra,
581 1307 756 1345 numerosum
762 1294 865 1355 malum,

128 1361 190 1413 Non
200 1361 263 1428 igne
275 1359 384 1413 demum
393 1361 458 1413 vicit
469 1368 497 1413 et
506 1362 600 1413 docuit
609 1360 696 1414 monii

128 1428 284 1496 Solitasquo
295 1431 389 1498 pennis
401 1430 519 1483 condere
531 1431 657 1483 obductis
671 1431 744 1484 diem

128 1499 213 1551 Petiit
223 1498 256 1548 ab
267 1500 333 1565 ipsis
344 1500 460 1551 nubibus
472 1498 693 1566 Stymphalidasl

68 1567 119 1620 245
132 1567 193 1619 Non
203 1568 269 1619 vicit
277 1568 352 1619 illurn
364 1569 473 1620 caelibis
484 1583 592 1634 semper
603 1572 656 1621 turi

128 1637 233 1704 Regina
243 1639 332 1706 gentis
342 1638 424 1689 vidua
434 1636 680 1690 Thermodontiae:

128 1705 187 1757 Nee
199 1707 233 1756 ad
244 1722 324 1758 omne
335 1707 437 1759 clauum
448 1705 553 1759 facinus
565 1707 683 1760 audaces
695 1722 791 1761 manus

131 1772 249 1831 Stabulis
260 1775 366 1842 fugavit
376 1777 462 1842 turpis
472 1778 576 1843 Augiae
587 1776 673 1827 labor.

131 1841 203 1904 Ouid
211 1843 266 1895 ista
275 1842 407 1911 prosuntl
426 1843 500 1894 Orbe
511 1845 624 1896 defenso
637 1850 721 1898 caret.

70 1910 120 1961 250
131 1910 248 1963 Sensuro
257 1917 348 1962 torrae
359 1912 435 1977 pacis
446 1917 587 1963 auctorem
598 1929 663 1965 suae

129 1981 232 2032 Abesse
242 1980 331 2031 terris.
365 1977 532 2044 Prosperum
543 1996 576 2033 ac
586 1981 653 2033 felix
664 1982 754 2035 scelus

129 2051 224 2103 Virtus
234 2052 363 2113 vocatum
373 2048 497 2101 sontibus
509 2057 606 2115 parent
616 2051 696 2116 boni3

128 2120 174 2170 lus
186 2120 266 2171 estin
278 2118 375 2180 armis,
386 2119 513 2186 opprimit
523 2119 598 2186 leges
608 2121 699 2171 timor.

128 2188 197 2239 Ante
208 2202 258 2241 ora
267 2187 322 2240 vidi
331 2193 426 2241 nostra
437 2187 592 2240 truculenta
600 2203 683 2239 uranu

71 2253 121 2306 255
133 2256 239 2308 (lautos
248 2257 357 2322 paterni
367 2257 465 2308 cadere
476 2258 553 2325 regni
562 2257 698 2319 vindices,
755 2311 760 2320 ⁸

129 2325 273 2393 lpsamque
285 2325 380 2376 Cadmi
390 2324 487 2376 nobilis
498 2327 609 2391 stirpem
620 2325 744 2377 ultimam

130 2394 263 2446 Occidere
275 2414 282 2458 ;
293 2392 349 2445 vidi
359 2395 463 2462 regium
476 2395 573 2459 capitis
583 2394 667 2444 decus

130 2464 197 2514 Cum
208 2478 242 2515 ea
259 2464 298 2515 ite
308 2467 426 2530 raptum.
463 2464 529 2525 Quis
540 2464 607 2514 satis
620 2460 730 2515 Thebas
741 2461 823 2515 ficati

128 2531 219 2583 Ferax
247 2546 343 2583 eorum
353 2537 441 2595 terra,
453 2546 532 2599 quem
544 2531 682 2585 dominum
691 2533 801 2596 tremis,

70 2597 120 2649 250
131 2601 155 2651 Ε
167 2601 243 2653 euius
255 2601 326 2652 arvis
337 2615 406 2668 eque
416 2601 552 2652 foecundo
563 2601 624 2653 sinu

129 2666 232 2723 Strioto
242 2671 368 2722 iuventus
379 2675 441 2723 orta
452 2684 513 2723 cum
522 2669 597 2723 ferre
608 2669 699 2734 stetlt;
