1860 2970
86 88 862 200 seousun.suanumcunouusausncru.
924 166 926 175 ,

166 221 262 274 Virtus
281 220 310 269 in
321 215 505 278 astrateudit‚
516 216 544 266 in
554 221 672 266 mortem
682 215 784 272 timon

82 280 108 349 sl
167 289 303 341 Praesens
314 287 348 338 ab
359 287 454 349 astris,
465 291 567 346 mater,
578 284 686 335 Alcides
697 287 785 337 uano}

88 356 156 413 1915
168 358 276 410 Poenas
288 361 416 407 eruentus
424 356 480 406 iam
489 354 541 404 tibi
549 352 724 418 Eurystheus
735 352 821 408 dabit:

170 429 258 479 Curru
267 424 413 491 superbum
424 427 505 474 vecta
514 421 693 473 transcendes
705 429 796 489 eaput

166 495 277 547 Maiam
288 493 367 544 decet
377 493 468 543 subire
480 491 628 542 coelestem
638 491 762 560 plagam:

167 562 339 615 Infernaviui
349 576 443 612 rursus
451 559 638 611 Alcidesloea.

168 646 210 682 nu
219 645 268 682 cu.
279 630 361 681 Mane
371 627 530 697 parumperl
542 628 818 690 -‘cessit,exoaulis
828 629 882 688 abit

90 699 159 755 1980
167 700 199 750 ln
211 704 286 750 astra
295 697 390 750 fertur.
407 697 513 760 Fallor,
523 708 558 747 an
568 697 659 748 vultus
669 703 752 763 putat

168 769 278 822 Vidisse
288 764 399 818 natuml
415 766 520 818 Misera
529 780 606 818 mans
616 765 759 824 incredula
768 775 817 820 est.

169 838 209 888 Es
218 852 332 899 numen,
344 842 372 886 et
381 841 409 887 te
419 835 535 891 muudus
546 841 674 887 aeternus
685 841 776 888 tenet:

50 902 81 987 ᾖ
171 906 259 958 Credo
270 902 421 971 triumphis.
439 905 536 972 Regna
545 901 705 974 Thebarum
717 912 819 972 petam,

71 988 74 993 ’
171 974 332 1043 novumque
342 971 451 1042 templis
463 972 585 1026 audinum
594 987 696 1027 numen
707 989 814 1028 canam.

409 1124 465 1173 011
471 1122 587 1177 ORUS.

93 1224 241 1327 mrllterculs'
249 1223 447 1270 interamnates
457 1226 566 1293 miset
575 1224 672 1279 camus,
683 1241 810 1288 novumque
818 1240 887 1273 numu

150 1296 166 1325 a
179 1312 184 1323 .

91 1370 158 1425 1985
168 1370 312 1439 Nunquam
322 1368 433 1439 Stygias
443 1371 532 1426 ferme·
541 1373 577 1424 ad
586 1373 696 1426 umbras

168 1442 366 1493 inclitaviutus.
385 1441 489 1505 Viuite,
502 1441 601 1494 fortesl

170 1510 229 1563 Vos
240 1508 379 1561 Lethaeos
390 1525 473 1562 saeva
487 1527 536 1578 per
546 1526 640 1564 amnes

169 1577 227 1629 Nee
237 1578 295 1628 fata
305 1576 428 1644 trahent3
440 1579 489 1630 sed
499 1594 691 1645 cum-summas

169 1647 269 1714 Exiget
279 1644 361 1698 horas
372 1654 514 1701 consumta
525 1649 597 1702 tiles:

91 1714 159 1767 1990
170 1716 225 1766 lter
236 1714 269 1765 ad
284 1713 403 1781 Superos
415 1716 503 1784 gloria
513 1721 626 1784 pandet,

171 1782 225 1835 Sed
236 1788 275 1846 tu,
288 1782 407 1835 domitor
416 1800 514 1852 magne
524 1787 653 1849 ferarum,

172 1852 304 1919 Orbisque
315 1853 393 1903 simul
404 1859 532 1920 pacator,
544 1855 622 1906 ades!

170 1920 249 1971 Nunc
261 1935 366 1988 quoque
377 1927 485 1974 nostras
496 1925 716 1993 respiueterras3
779 1971 781 1976 ⁴

147 2024 150 2030 ·
169 1989 236 2040 Etsi
248 2005 301 2055 qua
311 2005 381 2041 novo
392 1990 482 2044 bellua
492 1993 568 2043 vultu

91 2056 158 2109 1995
170 2057 281 2118 Quatiet
292 2058 407 2123 populus
418 2065 523 2111 terrore
533 2062 622 2128 gravi:

169 2127 216 2176 'l'u
223 2125 377 2196 fulminibus
388 2127 483 2196 frange
492 2129 622 2182 trisulcis!

170 2195 279 2246 Fortius
289 2195 350 2261 ipso
361 2197 486 2264 genitore
495 2204 544 2251 tuo

169 2264 293 2317 Fulmina
303 2265 403 2320 mittes.

340 2473 649 2498 m*-
