1860 2970
130 169 164 218 14
328 164 362 217 L.
379 161 535 216 ANNAEI
553 158 744 215 SENECAE

188 268 355 337 Reditusque
365 267 454 318 lentos
465 280 516 317 nec
525 266 580 315 mei
589 279 724 316 memores
734 267 851 333 quereri

190 338 267 400 Tibi,
278 353 295 390 o
306 339 420 389 deorum
430 335 541 396 ductor,
550 333 676 384 indomiti
685 333 776 386 ferent

129 407 181 460 300
192 409 313 458 Centena
323 407 396 456 tauri
407 404 489 468 collo3
503 402 565 464 tibi,
575 401 684 468 frugum
696 411 808 467 potens,

190 475 305 527 Secreta
315 474 428 526 reddam
438 470 592 535 sscre3tibi
601 474 678 521 muta
688 470 743 524 tide

190 543 302 612 Longas
313 544 425 595 Eleusin
434 544 521 594 tacita
529 539 645 591 iactabit
654 537 731 591 faces

188 613 261 664 Tum
271 615 412 665 restitutas
422 610 552 661 fratribus
562 608 645 659 robor
654 609 722 660 meis

188 682 310 745 Anirnns,
322 687 349 733 et
359 682 448 746 ipsum
457 694 542 745 regna
552 676 739 729 moderantem
750 692 801 730 sun
829 730 837 739 ,
905 682 911 691 ’

128 749 178 801 305
189 751 301 802 Florem
311 755 426 816 patrem.
462 745 492 798 Si
503 761 556 813 qun
566 751 594 797 ts
605 746 694 796 maior
702 750 779 799 tenet

188 820 315 870 clausum
325 823 461 886 potestus:
472 816 618 882 sequimur.
654 815 708 866 dut
718 830 811 868 omnes
821 823 871 870 tuo

186 886 311 939 Defende
322 887 411 939 reditu
421 900 530 952 sospes,
542 887 590 933 sut
600 896 693 934 omnes
704 883 796 938 trahe!
808 913 840 925 -

186 953 307 1020 Trahcs,
317 970 369 1007 nec
378 956 448 1007 ullus
455 956 543 1022 eriget
551 950 656 1003 fractos
667 952 743 1003 deus.

185 1038 286 1075 nuru.
323 1025 346 1076 0
365 1026 441 1076 socia
451 1023 538 1075 nostri
547 1022 699 1088 sanguinis,
711 1026 789 1073 casta
799 1021 855 1076 fide

126 1091 177 1144 310
188 1090 305 1144 Semnus
314 1098 406 1144 torum
416 1099 549 1160 natosque
559 1090 724 1157 magnanimi
734 1091 877 1158 Herculis,

185 1161 301 1212 Meliore
310 1166 401 1212 mente
413 1163 538 1226 concipe,
551 1165 632 1225 atque
645 1159 762 1211 animum
773 1161 879 1213 excitu!

186 1229 278 1280 Aderit
289 1227 429 1296 profecto,
441 1229 527 1297 qualis
538 1242 572 1279 ex
583 1227 654 1277 omni
666 1227 737 1279 solet
780 1276 783 1282 .

184 1296 412 1360 Labore,maior.
439 1311 517 1349 uuo.
536 1294 617 1358 Quod
627 1297 704 1348 nimis
716 1296 808 1349 miseri
817 1299 920 1362 volunt]

184 1366 248 1417 lloc
267 1365 348 1418 facile
370 1365 492 1419 credunt.
533 1378 621 1418 surm
639 1366 698 1448 lmo
715 1367 788 1434 quod
802 1375 920 1422 metuunt

624 1449 718 1499 nimis,

124 1501 175 1554 315
185 1501 330 1572 Nunquam
338 1505 443 1557 moveri
452 1519 535 1572 posse
544 1519 597 1556 nec
605 1504 664 1554 tolli
674 1509 784 1572 putant:

182 1570 275 1624 Prone
285 1577 327 1624 cst
337 1573 429 1625 timori
438 1585 547 1639 semper
556 1574 584 1620 in
595 1573 672 1635 peius
683 1574 760 1624 tides.

182 1653 226 1692 rur
234 1655 260 1692 c.
295 1639 445 1693 Demersus
456 1657 489 1692 ec
500 1638 624 1692 defossus
636 1645 664 1690 et
673 1644 734 1691 toto
744 1641 856 1710 insuper

182 1709 336 1777 Oppressus
350 1711 431 1773 orbe,
452 1724 533 1776 quam
547 1709 619 1759 riom
639 1708 674 1759 ad
689 1707 810 1777 Superos
825 1709 920 1766 habeti

182 1790 284 1828 nuru.
311 1778 399 1841 Quam
416 1783 483 1832 tunc
497 1777 635 1896 habebnt,l
652 1772 713 1829 cidn
731 1793 782 1848 per
802 1787 920 1836 arentem

638 1862 716 1898 aum

121 1913 173 1964 320
183 1913 222 1965 Et
232 1911 397 1969 fluctuantes
406 1927 483 1967 more
493 1912 596 1964 turbati
605 1860 688 1967 grangis

180 1983 254 2033 Abiit
265 1998 376 2047 urenae,
385 1984 481 2052 bisque
492 1981 634 2035 discedens
645 1983 748 2036 fretum

181 2051 218 2101 Et
227 2051 269 2102 bis
281 2066 436 2115 recurrens3
452 2066 567 2118 cumque
578 2051 687 2104 deserta
696 2059 756 2105 rate

179 2117 337 2186 Deprensus
348 2119 437 2171 haesit
447 2122 562 2185 syrtium
572 2120 698 2173 brevibus
709 2122 800 2186 vadis,
893 2126 896 2133 '

178 2187 217 2239 Et
227 2203 317 2256 puppe
328 2188 384 2240 find
393 2189 479 2239 marin
489 2191 628 2254 superarit
637 2190 731 2256 pedes.

119 2253 171 2306 325
181 2270 258 2307 nse.
277 2259 372 2329 lniqne
382 2272 445 2311 raro
455 2258 580 2309 maximis
591 2258 736 2310 virtutibus

178 2325 302 2377 Fortuna
311 2328 409 2394 parcit.
443 2325 531 2378 Nemo
543 2342 572 2378 se
583 2333 643 2392 tuto
655 2329 701 2379 diu

179 2392 311 2447 Periculis
323 2395 422 2448 offerre
431 2400 490 2446 tam
500 2395 602 2447 crebris
611 2402 713 2463 potest.

180 2463 266 2526 Quem
277 2474 361 2532 saepe
369 2466 469 2517 transit
479 2481 572 2527 cesus,
583 2464 727 2533 aliquando
737 2464 849 2521 invenit.

232 2531 291 2585 Sed
297 2533 377 2587 ecce!
388 2549 486 2589 saevus
497 2548 531 2585 uc
539 2535 626 2586 minas
636 2535 712 2588 vultu
722 2551 820 2603 gerens

119 2597 170 2652 330
179 2600 216 2652 ut
227 2603 312 2670 qualis
323 2605 412 2655 animo
425 2609 480 2666 est,
490 2601 552 2655 talis
561 2604 670 2656 incessu
680 2606 768 2666 venit,

179 2670 272 2724 Aliena
281 2672 379 2727 dextre
389 2678 499 2742 sceptro
509 2675 668 2725 concutiens
679 2673 781 2740 Lycus.
