1860 2970
68 169 119 222 262
256 165 289 217 1..
309 164 465 217 Aernul
484 163 680 219 SENECAE

128 285 224 323 narr.
235 268 375 336 Rapienda
385 269 466 319 rebus
476 270 503 319 in
514 269 591 319 malis
603 284 738 338 praeceps
749 274 793 324 via
803 279 850 325 est.

66 340 117 393 155
127 356 144 392 n
153 354 227 392 ura.
238 343 273 389 nt
282 345 310 390 to
320 337 447 390 reflectat
455 338 576 405 coniugis
588 352 688 389 nomen
700 355 818 393 suorum.

129 422 227 461 cnrr.
238 407 340 459 Decem
351 422 401 474 per
411 421 496 458 annos
510 406 592 458 vidua
607 403 753 474 respiciam
768 409 864 462 viruml

127 492 229 529 nuru.
238 478 396 527 Meminisse
407 475 489 527 debes
499 475 600 528 sobolis
612 490 645 527 ex
655 477 703 527 illo
713 485 787 529 tuae.

130 559 227 597 curu.
238 545 370 613 Equidem
381 549 409 595 et
419 545 522 613 iugales
535 543 606 596 filiae
616 547 728 597 memini
738 546 825 611 lacos,

128 615 166 666 Et
175 629 305 683 generum
314 611 452 665 Achillem.
486 613 629 665 Praestitit
640 617 722 666 matri
735 617 829 669 iidem!

68 683 120 736 161)
131 698 148 733 x
155 698 197 734 ur
204 699 231 735 u.
241 683 368 735 Redemit
376 683 423 733 illa
433 682 527 734 elassis
537 683 668 734 immotae
679 699 783 749 moras,

75 806 79 819 ,
130 754 168 804 Et
178 753 264 804 maria
274 753 352 820 pigro
363 752 559 819 lixalanguore
569 752 684 818 impulit

132 835 229 872 carr.
238 821 320 888 Piget
329 819 469 888 doletque!
490 821 641 888 Tyndaris,
652 822 722 873 coeli
733 838 830 892 genus,

129 891 256 942 Lustrale
268 891 348 940 classi
360 890 480 940 Doricae
490 891 585 956 peperi
597 890 693 957 eaput!

128 960 253 1011 Revolrit
263 959 367 1010 animus
376 959 487 1026 m'rginis
498 957 634 1010 thalamos
643 974 731 1023 meae,

69 1027 120 1082 165
131 1030 205 1097 Quos
215 1029 260 1080 ille
270 1028 366 1094 dignos
376 1027 490 1093 Pelopia
498 1026 565 1078 iecit
575 1029 668 1090 domo,

130 1100 199 1151 (lum
208 1099 286 1150 stetit
296 1095 331 1146 ad
341 1110 404 1149 aras
417 1109 465 1147 ore
475 1097 601 1147 sacrilioo
612 1103 694 1164 pater

130 1168 219 1230 Quam
231 1165 376 1234 nuptiales!
398 1165 514 1216 Horruit
525 1163 641 1217 Calchas
651 1181 717 1218 suae

128 1237 271 1303 Responsa
278 1236 356 1286 -νοοίε
368 1239 396 1286 et
406 1235 567 1286 recedentes
578 1233 666 1287 focos.

101 1332 103 1337 ,
131 1307 155 1357 0
167 1305 272 1356 scelera
281 1317 389 1371 semper
398 1303 547 1356 sceleribus
557 1306 668 1358 sineens
680 1304 790 1358 domus!

71 1376 122 1428 171)
133 1377 235 1427 cruore
244 1379 340 1425 ventos
350 1375 477 1436 emimus,
487 1372 588 1425 bellum
598 1388 674 1425 nece.

130 1458 231 1496 nuru.
244 1441 299 1495 Sed
308 1443 369 1496 vela
378 1445 482 1509 pariter
492 1443 564 1495 mille
576 1443 702 1495 lecerunt
712 1450 796 1496 rates.

133 1527 230 1564 onum
240 1511 302 1564 Non
313 1519 356 1565 est
365 1513 455 1564 soluta
466 1527 598 1579 prospero
610 1515 704 1565 classis
714 1513 780 1567 deo:

131 1583 220 1634 Eioeit
230 1583 302 1633 Aulis
312 1584 409 1649 impias
420 1589 503 1649 portu
513 1588 596 1632 rates.

132 1650 178 1703 Sic
188 1653 344 1719 auspicatus
352 1651 425 1703 bella
434 1666 488 1703 non
500 1652 596 1703 mellus
605 1653 684 1718 gerit.

69 1721 121 1773 1¹15
131 1723 229 1772 Amore
243 1728 340 1788 captae
352 1727 461 1789 eaptus,
472 1722 601 1772 immotus
613 1736 704 1788 prece.

133 1788 273 1843 Sminthea
283 1792 371 1843 tenuit
380 1782 467 1857 spolia
478 1789 601 1842 Phoebei
610 1792 692 1852 senis,

129 1859 233 1909 Ardere
245 1874 339 1911 sacrae
347 1861 459 1927 uirginis
468 1861 522 1909 iam
533 1866 590 1910 tum
602 1859 704 1911 furens.

80 1950 82 1954 >
129 1927 192 1977 Non
202 1927 275 1976 illum
286 1927 402 1976 Achilles
413 1928 490 1978 llerit
499 1929 646 1979 indomitus
658 1930 751 1990 minis;

131 1995 193 2047 Nun
203 1995 262 2056 illo,
274 1995 348 2046 solus
358 1993 415 2044 fata
426 1994 472 2060 qui
481 1994 573 2044 mundi
584 1995 667 2059 ridet,

70 2064 163 2118 180111
175 2079 223 2114 nos
234 2063 320 2114 fidelis
332 2078 431 2131 augur,
441 2064 469 2112 in
481 2068 576 2128 captas
585 2063 668 2126 leris3

131 2133 192 2185 Non
203 2133 318 2200 populus
329 2148 425 2200 aeger,
436 2137 465 2182 et
476 2131 628 2182 relucentes
640 2134 714 2198 rogi:

131 2205 206 2255 Inter
215 2203 318 2252 ruentis
331 2202 464 2253 Graeciae
474 2208 594 2268 stragem
605 2200 728 2251 ultimam

132 2272 195 2323 Sine
206 2269 285 2322 hoste
295 2271 382 2322 victus
393 2276 498 2323 nrarcet
507 2286 540 2321 ao
551 2270 652 2322 Veneri
663 2278 754 2335 vacat,

131 2343 304 2408 Reparatque
317 2355 436 2405 amores3
447 2355 515 2391 neve
526 2340 651 2391 desertus
661 2338 735 2391 foret

71 2411 122 2464 185
134 2414 155 2463 ll
165 2410 261 2476 pellice
272 2426 389 2477 unquam
400 2409 518 2460 barbara
529 2409 638 2460 coelebs
650 2414 737 2471 torus,

130 2481 256 2531 Ablatam
267 2479 362 2531 Achilli
374 2480 462 2547 diligit
471 2479 649 2545 Lyrnessida‚

123 2549 188 2604 Nec
200 2566 299 2620 rapere
311 2549 410 2621 puduit
419 2564 436 2600 e
444 2549 507 2600 sinu
515 2547 701 2598 amdsamniri.

113 2625 162 2678 En
175 2624 291 2679 Paridis
302 2621 433 2680 lrosteml
451 2613 767 2676 Nunemonumunlnus
777 2626 866 2674 ganeis

107 2699 218 2753 Amore
233 2679 721 2772 Phrygiaevat'is'rnoensusiun'xt3
775 2687 782 2693 ·
