1860 2970
229 136 516 213 HIPPOLYTUS.
553 164 640 219 nen.
659 166 693 218 n.

64 262 628 330 Crebraqueturricinxerantnrbeslatna.

63 334 125 386 Non
137 347 212 383 arma
221 346 303 383 saeva
312 331 388 384 milet
399 332 512 398 aptabat
520 347 601 383 manu

63 402 123 454 Nec
132 406 205 451 totta
215 401 303 452 clusas
313 399 432 468 fregerat
443 414 511 451 saxo
521 402 597 467 gnari

62 471 168 523 Balista
178 473 284 534 pontaa3
295 469 370 518 iussa
378 482 430 518 nec
440 468 576 518 dominum
586 472 643 535 pati

62 541 160 590 iuncto
170 535 277 588 ferebat
286 541 361 586 terra
371 537 508 586 servitium
519 536 601 588 bove:

62 606 119 660 Sed
129 619 195 656 anna
205 619 255 672 per
264 619 294 655 ae
305 602 381 655 foeta
390 610 534 671 poscentes
544 603 609 656 nihil

61 677 167 728 Pavere
177 678 285 740 genten
296 672 364 722 silva
372 674 477 724 nativas
488 687 564 739 opes,

61 746 100 796 Et
111 756 198 810 opaca
208 741 341 792 dederunt
351 747 429 791 antra
439 743 544 792 nativas
555 741 659 793 domos.

60 813 170 877 Rupere
180 809 277 867 foedus
286 809 384 874 impius
394 809 461 860 lucri
472 808 549 860 furor
646 854 650 863 .

60 880 149 933 Etina
159 892 303 945 praecepa,
315 891 436 944 quaeque
446 892 591 928 succensae
602 879 660 945 agit

61 948 162 1000 Libido
172 951 290 1010 mantes;
301 945 374 996 venit
382 945 489 1010 impen'i
499 946 557 994 sitis

60 1018 194 1079 Cruenta3
205 1013 294 1064 iactus
306 1012 409 1078 praeda
418 1013 515 1061 maioni
525 1014 625 1076 minon3

61 1085 117 1148 Pto
129 1085 187 1134 iure
197 1083 267 1133 vinea
277 1094 346 1131 ease.
382 1079 454 1129 Tum
463 1080 576 1147 primum
588 1096 669 1134 manu

61 1152 170 1204 Bellane
181 1148 265 1212 nuda,
274 1162 394 1216 saxaque
404 1153 433 1200 et
441 1163 532 1201 ramos
542 1152 624 1201 nudes

61 1222 177 1273 Vertere
187 1219 214 1269 in
226 1232 310 1269 arma.
344 1216 405 1268 Non
417 1222 476 1268 enat
485 1219 579 1285 gracili
589 1219 656 1271 lenis

60 1291 173 1340 Armate
182 1284 256 1338 ferro
267 1301 379 1348 cornua,
390 1291 439 1336 aut
449 1285 530 1353 longo
539 1286 611 1339 latus

60 1358 192 1408 Macrone
203 1355 311 1422 cingent
322 1356 406 1418 entia,
416 1360 464 1405 aut
475 1357 559 1407 crista
568 1356 661 1422 procul

61 1425 164 1477 Galcae
175 1428 326 1474 comantes:
337 1422 393 1474 tela
401 1423 521 1474 faciebat
531 1424 617 1475 dolon.

58 1493 166 1546 Invenit
176 1480 249 1543 antea
259 1490 370 1543 bellicus
380 1492 491 1543 Mavors
500 1507 586 1544 novas

59 1563 97 1614 Et
106 1561 177 1612 mille
188 1558 290 1612 fonnaa
299 1561 402 1612 montis.
438 1561 512 1612 Hinc
520 1566 609 1612 terrae
619 1575 701 1613 cruor

59 1628 161 1681 infecit
171 1643 263 1680 omnes
273 1627 361 1691 maus,
373 1634 402 1680 et
412 1629 504 1680 rubuit
513 1643 598 1681 mane.

58 1700 130 1750 Tum
141 1697 245 1749 seelera
255 1697 345 1764 demto
356 1698 410 1747 fine
420 1711 470 1762 per
480 1701 591 1748 cunctae
602 1694 703 1750 demoti

56 1768 132 1829 lene;
144 1765 245 1817 nullum
255 1760 343 1817 caruit
353 1765 478 1831 exemplo
489 1765 580 1830 neiaa3

56 1834 174 1887 Afratre
185 1832 283 1896 frater,
294 1832 407 1886 dextera
416 1835 473 1886 nati
483 1849 580 1900 parens

57 1903 176 1966 Cecidit,
187 1904 299 1954 naritus
311 1898 433 1970 coniugis
443 1903 516 1954 ferro
527 1905 608 1966 iacet,

55 1972 250 2039 Perimuntque
260 1970 351 2024 foetus
360 1973 459 2038 impiae
470 1977 571 2022 matres
581 1984 654 2023 suos.
664 1970 668 1979 “

56 2042 151 2091 Taceo
162 2053 302 2092 novercae.
337 2041 431 2091 Mitius
441 2038 507 2089 nihil
517 2045 558 2090 est
568 2037 642 2092 feria

56 2106 112 2159 Sed
122 2107 178 2159 dux
188 2108 320 2163 malorum
330 2107 443 2171 femina3
454 2105 523 2159 haec
534 2107 665 2160 ecelemm
674 2108 773 2162 artifex
802 2112 851 2162 560

56 2176 172 2227 Obsedit
182 2177 300 2237 animos,
312 2175 387 2226 cuius
396 2176 518 2226 incestae
529 2179 629 2242 stnpnis

54 2244 172 2295 Fumant
181 2248 225 2294 tot
234 2241 461 2306 urbes,be11at0t
470 2249 566 2311 gentes
576 2251 681 2312 gerunt,

54 2313 91 2363 Et
100 2327 181 2365 nerea
191 2311 226 2363 ab
236 2311 291 2362 imo
303 2325 387 2377 regna
396 2317 439 2362 tot
450 2312 565 2379 populns
575 2318 708 2379 premunt.
736 2356 747 2365 .

54 2378 193 2433 sileantur
202 2379 355 2431 aliaetaoia
365 2381 464 2431 coniux
474 2381 557 2447 Aegei

52 2447 154 2501 Medea
164 2447 254 2500 reddit
264 2445 377 2501 feminae
388 2448 474 2499 dirum
484 2463 578 2516 genus.
799 2452 848 2502 505

53 2531 154 2568 anan.
174 2518 229 2568 Cur
240 2515 357 2566 omnium
367 2516 399 2566 fit
409 2517 488 2583 culpa
498 2530 647 2582 paucarum
657 2515 763 2567 accius!

52 2598 144 2637 nnnc.
164 2585 298 2637 Detestor
307 2597 413 2647 omnes,
424 2583 538 2647 horreo,
549 2583 639 2651 fugio,
651 2597 771 2638 execror.

53 2651 93 2704 Sit
102 2654 191 2718 ratio,
201 2654 238 2706 eit
248 2657 358 2715 natura,
368 2654 404 2705 sit
415 2653 489 2705 dinus
499 2651 577 2702 furor
