1904 2948
279 158 472 212 OCTAVIA.
490 160 601 213 acri.
809 164 856 213 353

56 268 235 330 Renovatque
245 259 334 312 luctus
345 266 373 313 et
382 265 470 314 metus
481 266 598 316 miserae
607 262 681 314 mihi.

56 335 141 387 Adice
152 330 193 382 his
204 330 349 397 superbam
360 331 498 396 pellicem,
509 336 620 384 nostrae
632 333 728 385 domus

58 401 160 469 Spoliis
170 400 313 463 nitentem3
326 401 401 450 cuius
411 400 439 449 in
451 415 548 451 munus
559 415 635 451 uam
812 404 859 453 125

59 469 173 536 Stygiae
185 472 325 535 parentem
336 473 416 519 natus
427 468 557 536 imposuit
565 471 627 532 ruti,
703 476 712 483 '

59 540 148 600 Quam
159 536 219 586 dira
229 541 291 602 post
301 535 444 604 naufragia
455 544 584 604 superato
595 541 662 589 mari

57 607 144 658 Ferro
155 606 304 666 interemit,
317 607 424 656 saevior
433 605 524 673 pelagi
534 605 620 658 fretis.

57 677 135 737 Quae
148 688 209 739 apes
220 673 315 724 salutis
326 679 389 740 post
399 674 476 725 nefas
486 679 592 724 tantum
602 672 684 726 mihii

56 743 171 796 lriimica
182 742 279 792 victrix
289 743 411 794 imminet
420 741 546 794 thalamis
556 743 638 808 meis;

59 811 184 878 Odioque
194 811 281 861 nostri
291 809 403 876 flagrat,
416 816 443 862 et
453 812 570 877 pretium
582 812 669 878 stupri

56 880 150 932 lustae
160 879 288 929 maritum
299 879 421 944 coniugis
434 884 526 944 captat
538 885 628 945 caput.

57 950 205 1014 Emergere
216 946 308 1010 undis,
321 950 349 998 at
360 944 402 996 fer
414 947 541 996 auxilium
552 953 616 998 tuae

57 1015 147 1068 Natae
157 1015 308 1076 invocanti,
319 1014 439 1080 genitor3
451 1020 499 1064 aut
511 1012 622 1082 Stygios
633 1015 706 1067 sinus

58 1083 169 1136 Tellure
180 1087 263 1148 rupta
273 1081 376 1148 pande,
389 1096 441 1148 quo
454 1097 585 1150 praeceps
598 1083 683 1134 ferar!

57 1167 76 1204 ri
84 1165 159 1202 uua.
169 1151 284 1202 Frustra
294 1151 414 1216 parantis
424 1152 535 1210 invocas
547 1168 640 1205 manas
651 1154 700 1215 tui,

57 1219 224 1282 Miseranda,
235 1218 346 1281 frustra,
358 1219 430 1271 nulla
441 1220 483 1271 cui
494 1221 577 1287 prolis
588 1237 655 1274 suae

57 1289 154 1341 Manet
164 1289 235 1339 inter
245 1287 354 1339 umbras
365 1303 445 1352 cura;
457 1290 503 1356 qui
513 1297 577 1343 nato
589 1302 639 1342 suo

58 1355 205 1410 Praeferre
215 1357 306 1423 potuit
315 1357 444 1424 sanguine
455 1357 544 1408 alieno
555 1364 654 1419 satum,

61 1425 243 1490 Genitamque
253 1422 344 1476 fratris
357 1426 499 1491 coniugem
511 1431 607 1492 captus
618 1425 669 1476 sibi

59 1493 143 1545 Toris
153 1491 276 1544 nefandis
286 1492 369 1545 flebili
378 1493 466 1543 iunxit
476 1490 545 1544 face.

57 1563 132 1615 Hinc
144 1566 205 1614 orta
215 1562 299 1614 series
308 1561 474 1623 facinorum,
486 1561 599 1625 caedes,
612 1560 675 1624 doli,

57 1630 146 1698 Regni
155 1629 267 1696 cupido,
278 1631 414 1698 sanguinis
426 1630 476 1681 diri
487 1631 559 1682 sitis:

59 1699 185 1751 Mactata
194 1699 284 1750 soceri
295 1699 414 1751 concidit
424 1697 549 1750 thalamis
561 1713 645 1766 gener

59 1766 192 1829 Victima,
203 1767 256 1818 tuis
267 1782 300 1818 ne
311 1768 389 1820 fieret
399 1765 557 1834 hymenaeis
568 1770 674 1833 potens.

57 1833 134 1889 Proh
144 1833 250 1887 facinus
260 1835 368 1904 ingens!
381 1835 497 1887 feminae
509 1842 551 1888 est
562 1851 657 1887 munus
669 1824 761 1887 datus

59 1903 182 1966 Silanus,
193 1908 221 1955 et
232 1919 328 1956 cruore
339 1902 461 1956 foedavit
472 1919 521 1956 auo

57 1973 169 2027 Patrios
179 1976 300 2090 penates,
312 1975 429 2025 criminis
440 1973 497 2023 ficti
507 1987 578 2037 reus.

57 2041 174 2094 Intravit
205 2042 271 2093 ostia
282 2040 327 2093 hei
336 2040 413 2093 mihi!
427 2047 535 2108 captam
546 2043 655 2093 domum

57 2110 137 2162 Dolis
147 2124 296 2173 novercae,
308 2111 442 2177 Principis
452 2109 542 2163 factus
552 2127 645 2180 gener,

57 2176 188 2245 Idemque
197 2183 290 2242 natus,
302 2180 405 2231 iuuenis
415 2178 519 2230 infandi
529 2181 620 2248 ingeni

59 2249 206 2314 Capaxque
217 2248 363 2309 scelerum,
374 2247 434 2299 dira
444 2248 487 2299 cui
497 2251 614 2316 genitrix
625 2245 714 2301 facem

60 2316 205 2378 Accendit,
216 2321 244 2368 et
253 2321 280 2368 te
291 2317 378 2368 iunxit
388 2317 500 2367 invitam
510 2322 598 2379 nnetu3

57 2384 204 2451 Tantoque
215 2386 314 2443 victrix
324 2384 400 2436 facta
411 2399 540 2441 successu
551 2383 629 2436 ferox

57 2452 132 2504 husa
141 2453 281 2505 imminere
293 2458 335 2504 est
347 2452 420 2504 orbis
431 2454 545 2572 imperio
556 2454 636 2507 sacri.
815 2450 859 2497 155

59 2522 126 2581 Quis
137 2526 180 2572 tot
190 2521 293 2574 referre
304 2521 456 2573 facinorum
478 2536 569 2575 ormas
598 2527 681 2580 otest,

57 2589 95 2639 Et
106 2603 169 2654 spes
179 2589 310 2642 nefandas
320 2591 455 2655 feminae,
467 2538 628 2644 ethlansios
639 2589 725 2639 ochos

53 2656 175 2721 Regnum
181 2661 305 2724 petentis
312 2676 368 2732 per
377 2661 485 2735 gradus
499 2663 649 2720 scelerum
660 2647 813 2710 onnimnx‘t
