1860 2970
105 125 156 174 124
274 123 309 176 L.
337 121 494 180 ANNAEI
523 122 714 178 SENECAE

66 241 69 247 ’
163 225 261 280 Odisse
271 228 381 293 placuit.
416 227 526 294 Ignibus
535 228 629 294 iunges
641 242 735 294 eques,

105 297 155 345 510
165 298 203 347 Et
213 298 301 348 antica
311 296 414 346 ratibus
425 302 488 347 unte
500 298 640 362 promittet
649 296 721 349 rade

164 367 272 417 incerte
284 363 386 430 Syitis,
397 369 460 415 unte
471 366 504 416 ab
516 371 638 416 extremo
649 365 710 415 sinu

163 435 299 501 Hesperia
309 431 416 496 Tethys
427 432 544 483 lucidum
556 434 663 484 attollet
674 433 755 494 diem,

163 504 200 553 Et
211 518 260 553 ora
271 501 356 551 damis
367 501 466 551 blanda
475 501 643 566 praebebunt
652 501 718 567 lupi,

164 573 253 632 Quam
262 571 350 619 uictus
361 570 480 619 animum
489 567 606 620 feminee
616 570 709 620 mitem
720 584 825 636 geram.

104 640 153 689 515
165 653 265 690 uuum.
283 637 371 703 Saepe
384 637 526 688 obstinatis
534 637 623 688 induit
633 637 725 689 frenos
735 639 829 701 Amor,

163 710 202 759 Et
212 707 274 759 odia
282 710 378 756 mutat.
413 705 508 772 Regno
516 711 639 759 materna
649 706 776 772 adspice:

163 776 229 829 Illae
240 775 347 826 feroces
357 775 476 831 sentiunt
486 773 600 826 Veneris
610 776 712 842 iugum.

164 845 287 896 Testam's
297 841 371 893 istud
381 842 476 891 unicus
487 845 575 907 gentis
586 858 663 909 puer.

164 926 255 962 mee.
275 910 400 962 Solamen
410 924 493 959 unum
504 913 599 961 metris
610 911 725 962 omissae
736 911 805 974 foro,
838 926 842 934 ¹

105 982 155 1030 580
167 982 263 1032 Odisse
274 979 345 1046 quod
355 979 409 1028 iam
419 977 533 1029 feminus
545 994 637 1030 omnes
647 980 720 1030 licet.
814 988 820 993 “

164 1064 181 1099 u
190 1063 263 1099 uum
282 1049 318 1098 Ut
328 1048 396 1097 dura
406 1051 501 1116 eautes
512 1047 628 1115 undique
640 1047 821 1100 intractabilis

163 1117 274 1168 Resistit
285 1115 377 1177 undis,
388 1121 416 1166 et
425 1113 590 1167 lacessentes
602 1130 686 1183 equas

163 1186 259 1250 Longe
271 1184 398 1245 remittit,
409 1185 493 1235 verba
502 1184 543 1235 sio
553 1187 657 1252 spernit
666 1199 736 1235 mea.

164 1253 219 1304 Sed
229 1251 355 1303 Phaedro
364 1266 497 1319 praeceps
502 1255 637 1320 graditur,
648 1254 899 1318 impetiensmome.

105 1323 154 1373 585
168 1323 268 1382 Quose
280 1321 354 1371 dubit
364 1321 491 1372 fortunat
502 1338 555 1388 quo
568 1328 662 1390 verget
671 1321 767 1372 furori

164 1392 267 1440 Terrae
278 1396 390 1455 repente
402 1405 500 1456 corpus
512 1393 666 1442 exanimum
676 1390 785 1450 accidit,

162 1461 199 1510 Et
209 1475 258 1508 ora
268 1460 350 1508 morti
361 1459 454 1510 similis
466 1459 579 1510 obduxit
589 1459 673 1511 color.

163 1529 263 1578 Attolle
274 1528 376 1590 vultus,
387 1528 494 1579 dimove
507 1531 580 1580 vocis
590 1543 695 1579 moras:

165 1597 240 1648 Tuus
252 1612 298 1663 en,
310 1597 430 1661 alumna,
439 1602 525 1649 temet
535 1597 700 1665 Hippolytus
711 1595 800 1648 tenet!
858 1596 870 1613 ⁶

106 1781 338 1843 museus,
374 1781 671 1838 ηιΡΡοιΥΤυε,
701 1780 897 1838 uuum,

400 1863 598 1929 Fumone

158 1977 247 2020 Iuvenis
253 1977 391 2032 pudicitiam
400 1979 464 2020 omni
472 1985 523 2023 arte
537 1986 685 2036 oppugnant,
695 1983 735 2025 ted
742 1979 853 2037 frustm.-
863 1982 894 2020 od

99 2033 209 2085 fraudem
218 2033 295 2090 itaque
305 2032 442 2089 cotfiugz'unl
451 2040 475 2076 et
484 2035 615 2080 calumnias.

104 2122 153 2172 590
165 2137 216 2173 νυ.
236 2125 301 2184 Quis
310 2138 353 2174 me
364 2122 451 2174 dolori
461 2124 564 2187 reddit,
575 2131 656 2193 atque
668 2133 760 2177 aestus
770 2141 867 2193 graves
905 2108 909 2115 ¹

163 2193 281 2259 Reponit
296 2190 403 2242 animol
424 2193 512 2255 Quum
522 2194 592 2245 bene
603 2194 758 2245 excideram
768 2193 847 2244 mihi!
868 2221 897 2232 —

163 2274 254 2310 mee.
273 2262 326 2311 Cur
336 2260 414 2311 dulce
425 2276 521 2312 munus
531 2263 654 2314 redditae
664 2262 733 2313 lueis
765 2261 834 2329 igisl

163 2329 415 2391 eu.dude‚animel
426 2330 514 2382 tental
529 2346 630 2398 perage
644 2331 725 2381 mund
758 2335 803 2388 um
814 2327 900 2382 tuum!

162 2398 301 2463 Intrepidu
311 2404 436 2450 constent
444 2400 541 2450 verba:
554 2402 597 2467 qui
607 2399 700 2449 timide
712 2404 802 2466 rogat,

104 2464 154 2514 595
166 2466 256 2518 Docet
266 2482 373 2533 negare.
408 2468 510 2533 Magna
520 2483 582 2534 pers
593 2468 702 2518 sceleris
714 2469 768 2518 mei

164 2534 235 2584 Olim
245 2541 358 2600 peraeta
369 2542 422 2586 est:
434 2551 510 2587 serus
521 2543 563 2587 est
573 2537 650 2586 nobis
663 2536 763 2602 pudorz

163 2603 315 2654 Amavimus
326 2603 455 2657 nefanda:
466 2605 489 2657 si
500 2611 599 2672 coepta
611 2618 743 2672 exequor,
