1860 2970
137 124 201 176 ue.
311 120 345 174 u.
373 94 532 173 luunar
558 114 747 193 sauucna

196 227 233 278 Et
243 230 272 276 te
282 222 408 276 merebor
419 238 479 275 esse
488 236 523 275 ne
533 220 642 272 viduam
653 227 732 288 putes

195 297 234 346 Ac
245 294 294 344 tibi
303 293 424 360 parentis
434 294 493 358 ipse
503 290 635 357 supplebo
644 290 743 342 locum.

136 363 188 419 635
199 376 250 414 ru.
269 362 292 412 0
303 376 366 429 spes
374 367 513 412 amantum
524 358 646 410 credulal
663 374 679 410 o
691 359 774 412 fallax
786 365 878 416 amori
892 365 900 381 '

113 489 118 495 .
194 429 302 483 Satisne
313 427 398 480 dixiti
419 429 549 481 Precibus
560 427 677 479 adnrotis
689 442 777 497 agam.
788 457 823 470 -

195 497 340 564 Misererel
360 498 463 549 tacitae
474 498 572 549 mentis
583 496 682 548 exaudi
691 498 800 563 preces!

194 566 516 635 Iibetloqui,pigetqus.
533 577 625 616 narr.
642 565 786 625 Quodnam
794 568 871 621 istud
880 584 919 622 aaa

601 631 729 686 laureati

194 718 247 756 ra.
266 705 346 767 Quod
356 703 385 754 in
394 716 541 754 novercam
551 701 650 754 caclrne
660 703 706 754 rix
717 702 813 756 credas
825 705 919 765 ardun

133 774 184 826 640
195 783 286 824 uter.
303 772 436 850 Arpbigua
445 785 513 822 voce
523 771 608 821 verba
617 771 748 838 perplexa
757 773 838 824 iacis:

192 841 285 895 Effare
296 844 398 908 aperte.
416 851 469 892 ru.
487 838 589 890 Pectus
598 840 820 906 usanumrapor

193 912 329 979 Amorque
341 913 437 960 torret.
473 908 777 961 lntimissaevus.vorat
809 964 813 969 ,
868 948 872 955 .

193 978 352 1030 Visceribus
362 977 432 1045 ignis
441 990 561 1038 mersus,
572 981 601 1027 et
610 978 695 1028 venas
704 975 802 1042 latens,

193 1048 231 1098 Ut
241 1048 318 1115 agilis
329 1046 398 1098 altas
408 1044 529 1108 flamma,
540 1047 688 1110 percurrit,
699 1046 802 1098 trabes.

133 1114 184 1169 645
195 1129 286 1166 urrr.
304 1114 403 1166 Amore
413 1128 510 1181 nempe
521 1112 624 1165 Thesei
634 1119 710 1166 casto
722 1113 808 1167 iurisi

193 1197 245 1235 ru.
263 1182 427 1249 Hippolyte,
438 1183 478 1234 sic
489 1187 543 1234 est:
554 1180 656 1234 Thesei
665 1183 755 1234 vultus
766 1199 830 1238 amo

192 1253 257 1305 Illos
267 1253 387 1318 priores,
398 1266 466 1318 quos
475 1250 538 1302 tulit
548 1251 683 1319 quondam
693 1267 771 1318 puer,

194 1323 260 1373 Cum
273 1321 361 1387 prima
370 1334 452 1385 puras
463 1319 554 1371 barba-
560 1320 681 1386 signaret
690 1335 784 1388 genas,

192 1388 363 1457 Monstrique
375 1401 488 1438 coccam
499 1387 609 1438 Gnossii
619 1389 686 1439 vidit
696 1388 817 1453 domum,

133 1456 185 1510 650
196 1458 234 1509 Et
243 1458 326 1524 ¹unga
336 1471 418 1508 curva
428 1456 474 1506 iila
485 1455 595 1524 collegit
604 1457 657 1507 uia.

194 1527 261 1588 Quas
271 1532 329 1578 turn
339 1526 383 1577 ille
393 1522 480 1576 fulsit!
500 1523 756 1578 Presserantvlttae
767 1539 883 1590 comana,

192 1595 231 1647 Et
241 1609 290 1647 ora
299 1594 384 1646 flavus
394 1599 490 1645 tenera
500 1593 624 1661 tingebat
634 1594 739 1657 Pudor3

190 1663 302 1715 Inerant
311 1663 421 1715 lacertis
431 1662 555 1714 mollibus
565 1660 651 1715 fortes
663 1664 726 1726 tori,

191 1732 323 1801 Tuaeque
337 1731 464 1784 Phoebes
474 1730 578 1795 vultus,
589 1737 636 1783 eut
645 1729 751 1783 Phoebi
761 1733 825 1797 mei,

131 1799 183 1854 oet
194 1802 304 1853 Tuusre
314 1801 414 1866 potius.
450 1799 541 1863 Talis,
552 1814 600 1863 en,
610 1800 673 1852 talis
683 1799 745 1864 fuit,

192 1871 259 1922 Cum
270 1869 373 1936 placuit
383 1867 470 1932 hosti3
481 1869 521 1920 sic
531 1869 593 1920 tulit
604 1869 705 1920 celsum
716 1875 813 1938 caput,

189 1936 222 1989 ln
233 1943 261 1990 te
271 1939 357 2004 magis
367 1937 485 2004 refulget
493 1937 628 1987 incuratus
639 1937 734 1989 decan

190 2005 243 2058 Est
252 2006 360 2074 genitor
370 2005 398 2056 iu
408 2010 435 2056 te
442 2009 532 2069 totus3
544 2009 572 2056 et
582 2009 678 2057 torvae
688 2011 783 2058 tamen

191 2070 260 2126 Pars
272 2075 362 2141 aliqua
372 2074 465 2124 matris
476 2073 573 2125 miscet
584 2087 618 2126 ex
629 2089 716 2143 aequo
728 2075 828 2128 decusa

130 2140 183 2196 660
193 2143 223 2193 ln
236 2157 284 2195 ore
296 2143 380 2194 Graio
392 2139 538 2208 Scythicus
549 2141 663 2209 adparet
672 2145 755 2210 rigor.

190 2208 221 2262 Si
231 2226 292 2262 cum
302 2215 415 2277 parente
427 2211 564 2263 Creticum
573 2212 704 2263 intrasses
714 2210 816 2266 fretum

190 2278 255 2330 'l'ibi
264 2279 310 2330 fila
320 2281 410 2347 potius
420 2284 515 2331 nostra
524 2280 642 2331 nevisset
651 2295 738 2331 soror.
808 2278 816 2284 ’

189 2347 246 2411 Te,
256 2353 299 2410 te,
311 2362 405 2412 soror,
414 2361 574 2416 quacunque
584 2347 750 2414 sidereipoli

188 2415 221 2466 ln
231 2421 310 2481 parte
319 2415 421 2483 fulges,
440 2418 539 2468 invoco
550 2415 585 2466 ad
596 2431 706 2468 causam
716 2415 825 2484 parenti

129 2479 297 2536 muamus
305 2497 414 2536 sorores
423 2499 479 2536 uua
489 2485 620 2550 corripuit
630 2483 710 2546 duas3

189 2548 232 2603 Te
241 2553 362 2619 genitor,
373 2557 403 2603 at
412 2567 455 2604 me
465 2559 573 2620 gnatus.
608 2555 663 2615 En,
674 2550 789 2618 supplex
799 2553 875 2608 iacet

70 2596 139 2776 Ι
190 2618 309 2690 Allapso
318 2619 441 2688 genubus
452 2621 545 2691 teglae
555 2619 646 2689 proles
656 2619 766 2672 domuel
