1860 2970
126 132 176 183 300
342 125 375 178 L.
393 122 549 177 ANNAEI
571 121 767 176 SENECAE

185 230 331 284 Incolumis
340 227 378 280 illi
388 225 504 280 remeat!
526 225 549 276 0
562 224 636 276 nulla
647 225 727 278 dolor
787 220 797 227 ”’

188 303 321 352 contente
333 310 435 364 poena,
446 309 546 363 quaere
557 294 693 361 supplicia
703 293 824 358 horrida,
869 342 878 356 ,

185 361 353 434 locogi'tata,
363 363 487 417 infanda!
506 363 639 414 lunonem
650 361 730 427 doce,
790 386 793 392 ·

187 436 258 499 Quid
270 435 334 486 odia
343 433 464 485 valeant:
475 433 564 483 nescit
574 433 658 483 irasci
667 434 744 483 satis.

128 506 179 557 300
190 505 244 557 Pro
256 518 300 554 me
310 502 425 569 gerebas
435 500 521 561 bella3
532 504 646 565 prepter
655 514 700 551 me
710 515 798 568 regas

187 570 321 625 Achelous
330 566 416 619 undas
426 568 555 633 sanguiue
566 566 661 618 infecit
671 584 731 633 suo,

189 636 842 704 00011001050000000001,1000000οω000

187 709 268 761 Nunc
278 705 401 759 flecteret
411 709 537 771 serpente
548 702 675 770 deposita
684 707 784 770 101005,

189 778 227 829 lit
236 774 308 827 mille
317 776 346 824 in
356 772 436 824 hoste
446 774 569 825 vinceres
579 787 633 824 uno
644 772 727 826 feras.

130 846 250 899 3051οι0
260 843 444 910 displicemus,
455 847 538 907 capta
548 841 673 908 praelata
683 850 726 894 est
738 843 812 896 mihi.

191 912 253 967 Non
263 910 429 977 perferetur:
442 911 487 976 qui
498 910 556 959 dies
566 907 679 961 thalami
689 912 802 964 ultimus

190 980 285 1034 Nostri
296 985 338 1032 est
347 978 469 1041 tuturus,
478 975 524 1029 hic
535 978 586 1029 erit
596 978 668 1029 ritae
678 986 753 1032 tuac.

193 1049 265 1112 Quid
276 1046 345 1101 heci
365 1045 470 1099 recedit
480 1046 598 1108 aniame,
609 1051 638 1097 et
648 1049 725 1113 ponit
735 1049 837 1113 minam

191 1120 249 1169 lam
260 1117 342 1169 cessit
353 1116 403 1167 ira.
439 1114 510 1177 Quid
520 1118 603 1167 nriser
612 1114 725 1183 langues
737 1117 834 1170 deleri

133 1186 183 1237 310
193 1184 289 1237 Perdis
298 1184 432 1247 iurercm3
444 1184 566 1250 coniugis
576 1184 677 1237 tacitae
689 1185 773 1239 iidem

192 1251 262 1306 Mihi
271 1250 362 1305 reddis
371 1254 479 1304 iterum.
515 1250 587 1315 Quid
596 1258 672 1304 vetas
683 1252 808 1306 flammas
820 1255 870 1307 alii

195 1322 266 1385 Quid
276 1320 377 1389 frangis
387 1319 480 1388 ignesi
500 1321 582 1372 Hunc
593 1320 658 1373 mihi
663 1325 879 1392 serraimpetum

193 1392 279 1445 Pares
290 1405 410 1452 eramus3
421 1405 477 1439 nen
487 1395 549 1439 erat
557 1391 628 1440 retis
640 1404 717 1456 0005.

194 1461 287 1514 Aderit
297 1472 428 1520 noverca,
440 1472 510 1524 qnae
519 1472 615 1510 manus
625 1464 733 1511 nostras
744 1466 836 1528 regat,

50 1550 99 1581 ιν
135 1531 185 1582 315
197 1530 255 1582 Nec
265 1530 399 1579 invocata.
418 1539 520 1576 0000.
533 1527 613 1587 Quod
623 1543 704 1594 paras
715 1528 879 1583 demenssce

194 1599 315 1651 Perimes
325 1597 465 1657 nimitum,
477 1595 553 1646 cuius
565 1601 702 1648 extrenrus
713 1596 773 1650 dics

194 1668 355 1733 Primusque
365 1664 459 1715 laudes
469 1664 560 1727 novit,
571 1670 598 1716 et
609 1665 686 1716 ceele
698 1671 780 1718 tenus

193 1737 294 1787 Erecta
303 1741 391 1786 terras
401 1732 477 1783 fania
486 1733 641 1800 suppositas
652 1732 754 1786 habeti

195 1804 289 1870 Reges
299 1804 326 1852 in
335 1802 402 1852 istos
413 1808 488 1851 terra
499 1807 645 1869 consurget
655 1817 765 1869 pareus,

136 1872 186 1923 320
196 1872 353 1938 Domusque
364 1870 453 1922 sceeri
462 1871 551 1937 prium
560 1877 589 1921 et
597 1871 725 1922 Aetolum
736 1887 825 1939 genus

196 1939 340 1991 Sternetur
351 1955 444 2002 emne3
456 1953 523 1990 sara
532 1938 688 1990 iamdudum
700 1946 728 1992 et
738 1941 816 1994 faces

195 2009 226 2059 lu
240 2014 267 2058 tc
277 2006 412 2069 ferentum
425 2006 558 2058 sindicem
569 2008 649 2058 tellus
660 2025 739 2059 suum

195 2074 333 2127 Defendet
343 2076 438 2125 onmis.
474 2077 534 2126 L'ua
545 2082 611 2143 quet
621 2091 726 2142 poenas
736 2077 833 2129 dabisi

195 2144 325 2210 Effugere
336 2147 424 2192 terras
435 2144 516 2194 crede
527 2151 555 2194 et
565 2143 712 2196 humanum
723 2160 811 2212 genus

136 2212 187 2264 325
198 2213 239 2264 Te
250 2225 344 2278 posse3
355 2209 455 2262 fulmen
467 2213 575 2279 genitor
586 2213 695 2264 Alcidae
707 2217 790 2281 gerit.

196 2282 308 2333 lamiam
319 2281 438 2332 minaces
448 2282 489 2332 ire
499 2296 549 2347 per
559 2282 665 2333 coelum
674 2282 752 2335 laces

197 2349 311 2415 Specta,
323 2354 351 2400 et
361 2354 501 2400 tonantem
512 2349 625 2401 fulmine
634 2366 754 2403 excussu
764 2353 853 2405 diem!

196 2419 316 2469 Mortem
328 2432 436 2485 queque
445 2420 547 2485 ipsam,
558 2434 638 2484 quam
652 2430 734 2487 putas
751 2427 857 2485 tutam,
868 2430 880 2474 t

196 2486 360 2537 Domiuatur
370 2487 425 2538 illic
434 2493 548 2552 patruus
559 2487 670 2540 Alcidae
681 2492 730 2540 tui.

133 2555 188 2610 330
198 2557 370 2624 Quocunque
381 2557 620 2625 nergemmisern„
629 2566 761 2621 cegnatcs
775 2557 845 2610 dees

191 2630 237 2685 lili
249 2628 369 2684 ridebis.
386 2623 849 2680 nnrnsmamsmmnenseuus

67 1364 83 1441 0.
