1860 2970
120 123 172 178 oto
281 120 332 189 [n.
360 119 513 173 nuunar
529 118 740 190 Sulluctu]

178 224 237 277 Fax
245 222 303 285 illa,
315 236 395 289 qnam
406 227 501 273 secuta
509 236 551 284 es,
561 223 701 339 ⁸¹¹2&oe
710 236 793 275 manu

179 292 317 353 Praelata,
329 290 430 340 clarum
439 302 537 339 nomen
546 291 599 339 iuri
619 290 708 343 'atibi

178 359 291 411 Portum
301 358 442 409 ominatur.
452 355 570 407 Inferum
580 356 661 408 sedes
671 363 751 408 toros

180 424 296 476 stabiles
306 423 413 475 futuros
423 423 538 487 spondet
548 427 676 473 aeternae
687 424 795 477 deutrus.

119 492 171 547 toi
180 494 210 544 lu
229 492 274 542 ulo
284 490 354 557 quod
365 503 456 540 ensem
465 488 585 540 condidit
594 489 727 556 Princeps
737 496 815 541 tunsa

180 561 220 611 Be
264 557 335 609 haud
345 556 475 616 movebit,
485 570 553 620 pace
564 555 612 606 sed
621 555 727 608 ferrum
737 562 824 625 teget.

180 626 316 691 Recollige
327 624 456 684 anianum
466 623 557 688 recipe
566 622 713 686 laetitiam,
724 638 833 741 precor,

180 689 388 756 Timorepulsol
399 688 481 741 redde
493 689 655 741 tetlralamin
664 693 720 742 truie

180 772 253 811 eor.
264 757 383 808 Delubra
393 762 421 806 et
430 770 491 806 arna
501 762 594 822 petere
605 759 737 811 constitui
744 770 846 820 sacres,

121 826 173 881 700
183 826 275 878 Caesis
284 825 362 875 litare
371 824 485 874 victimis
495 838 592 875 numen
601 825 691 888 deum,

180 894 219 945 Ut
227 893 369 959 expientur
378 891 466 941 noctis
475 895 504 941 et
513 892 600 942 somni
609 893 710 954 minae,

181 962 336 1028 Terrorque
346 959 375 1009 in
384 954 477 1010 hostes
487 958 582 1010 redeat
591 960 726 1010 attonstm
735 972 822 1013 meos.

181 1030 219 1080 Et
227 1033 291 1080 vota
299 1041 349 1095 pro
359 1040 403 1078 are
412 1027 532 1091 suscipe,
543 1032 571 1078 et
581 1025 708 1092 precibus
718 1028 771 1092 piis

182 1093 299 1164 Superos
309 1094 407 1157 adore,
416 1099 509 1146 manet
517 1099 548 1145 ut
557 1108 685 1162 praesens
695 1100 788 1146 ructus

423 1240 606 1288 tironos,

177 1338 270 1384 zarae
280 1337 363 1383 chono
371 1337 493 1394 Poppaeae
497 1338 609 1399 fororem

124 1424 176 1482 tos
188 1423 217 1477 Sl
225 1440 290 1479 rere
298 1426 398 1495 loquax
407 1427 481 1478 fauna
492 1426 625 1478 Tonantis

183 1495 269 1544 Furta
280 1500 307 1546 et
315 1501 407 1562 gratos
417 1499 510 1544 narrat
521 1508 636 1555 amores,

186 1561 270 1621 Quem
282 1562 362 1612 modo
373 1561 465 1611 Ledae
476 1563 604 1626 pressisse
613 1561 702 1613 sinum

190 1628 306 1679 Tectum
315 1629 410 1694 plumis
420 1628 565 1692 pennisque
576 1626 679 1691 ierunt3

184 1694 268 1745 Modo
280 1710 328 1761 per
337 1694 434 1745 fluctus
445 1701 550 1758 raptam
561 1694 689 1759 Europen

125 1758 176 1810 ‘llo
186 1761 306 1811 Taurum
315 1767 393 1828 tergo
403 1767 526 1828 portasse
535 1765 652 1811 trucem:

186 1827 261 1888 Quae
272 1831 355 1895 regit,
366 1832 395 1880 et
404 1843 473 1878 nunc
483 1827 589 1878 deseret
600 1834 687 1890 astra3

184 1895 264 1947 Petet
274 1896 423 1960 amplexus,
435 1894 576 1959 Poppaea,
587 1899 659 1957 tuos,

187 1962 260 2019 Quos
271 1969 299 2012 et
309 1963 400 2014 Ledae
410 1961 548 2027 praeferre
559 1966 658 2025 potest,

184 2029 220 2077 lit
229 2029 291 2090 tibi,
303 2029 436 2093 quondam
447 2030 490 2078 cui
500 2029 606 2078 miranti

125 2093 176 2143 ‘175
186 2094 284 2156 Fulvo,
294 2093 389 2145 Danai
395 2131 403 2156 ‚
414 2094 492 2145 fluxit
500 2097 528 2144 in
537 2109 612 2145 auro.

185 2163 311 2212 Formam
319 2159 414 2225 Sparte
425 2163 508 2213 iactet
519 2161 640 2213 alumnae

184 2229 277 2292 Licet,
287 2235 315 2282 et
326 2227 460 2297 Phrygius
472 2230 591 2294 praemia
601 2232 709 2292 pastor:

184 2297 284 2347 Vincet
292 2297 380 2347 vultu
390 2295 457 2346 haec
469 2296 650 2361 Tyndaridos,

186 2362 238 2423 Qui
248 2368 388 2414 moverunt
397 2361 506 2413 horrida
515 2363 593 2423 bella,

109 2452 115 2459 ·
125 2428 177 2481 180
187 2429 374 2498 Phrygiaeque
384 2430 442 2480 solo
452 2445 535 2495 regna
544 2430 650 2480 dedere.

71 2426 125 2761 ,
187 2494 241 2549 Sed
251 2500 309 2566 quis
319 2511 412 2567 gressu
423 2498 477 2547 ruit
488 2498 613 2555 attonito,

123 2594 126 2603 ·
186 2567 240 2623 illi
249 2567 314 2643 quid
324 2571 438 2637 potiore
447 2569 541 2631 portal
549 2560 660 2611 adnexui
