1860 2970
66 101 68 104 ’
93 117 143 167 rra
281 111 316 164 L.
343 108 499 162 nNNaal
526 107 720 165 SENEchE

91 219 142 271 880
152 216 222 271 Nam
232 220 260 267 te
270 213 403 282 Pelasgae
413 214 560 266 maximum
570 215 660 282 gentis
670 213 756 268 decus

149 287 191 339 Ad
200 290 296 338 sancta
306 284 370 336 lecti
380 284 440 335 iura
449 284 563 351 legitimi
572 286 651 351 petit,
732 295 736 299 ·

151 357 201 407 cni
211 369 296 422 regna
307 355 395 418 campi
405 353 462 405 lata
472 351 624 404 Thessalici
634 358 741 420 patent.

148 426 191 476 Te
200 438 300 491 magna
310 421 431 489 Tethys,
441 427 524 490 teque
534 428 578 473 tot
587 422 677 490 pelagi
690 423 768 485 deae,

149 491 343 559 Placidumque
355 504 453 543 numen
465 491 590 558 aequoris
601 491 700 543 tumidi
710 490 817 555 Thetis,

38 573 59 591 r
89 563 141 617 885
152 561 236 614 Suam
247 560 397 625 vocabunt3
408 566 437 623 te
448 561 539 612 datam
549 558 658 627 Pyrrho
670 572 752 614 socer

149 632 249 684 Peleus
259 633 356 682 nurum
365 629 488 692 vocabit,
499 636 527 682 et
536 627 642 681 Nereus
651 645 759 682 nurum.

149 701 265 769 Depone
277 698 365 751 cultus
376 697 528 767 squalidos,
538 697 625 751 festos
638 713 720 766 cape3

150 769 270 823 Dedisce
282 773 404 835 captam3
416 767 536 835 deprime
547 765 692 819 horrentes
703 782 807 831 comas,

153 839 313 904 crinemque
323 836 406 888 docta
415 842 510 902 patere
522 837 649 904 distingui
659 851 751 890 manu

92 910 145 963 890
153 908 208 960 Hic
218 905 335 958 forsitan
345 910 373 957 te
385 920 464 956 casus
475 903 584 957 excelso
595 906 683 973 magis

153 975 228 1028 Solio
239 979 362 1040 reponet.
398 972 607 1042 Profuitmultis
619 976 689 1041 capi.

153 1035 878 1111 nunnfloedeeratunumrhrygrbuseversishulnn

155 1113 299 1166 Gaudere.'
326 1112 457 1180 Flagrant
468 1117 556 1164 strata
564 1114 665 1179 passim
675 1112 823 1181 Pergama.

154 1183 178 1235 0
190 1181 331 1248 coniugale
342 1179 460 1248 tempus!
481 1182 520 1232 An
532 1183 673 1249 quisquam
683 1183 798 1234 audeat*

93 1253 145 1305 005
155 1249 280 1319 Negaret
302 1252 442 1317 qsu'squam
454 1251 551 1302 dubius
562 1251 598 1302 ad
608 1250 743 1304 thalamos
755 1258 811 1315 eat,

40 1327 43 1331 ’
155 1322 231 1383 Quos
241 1319 348 1372 Helena
358 1319 472 1372 suadett
492 1321 595 1383 Pestis,
606 1322 731 1386 esitium,
743 1322 803 1374 lues

152 1390 301 1455 Utriusque
312 1388 419 1455 populi,
432 1390 520 1441 cernis
531 1387 582 1440 hos
592 1390 712 1441 tumulos
724 1389 832 1454 ducum,

153 1460 191 1512 Et
201 1457 274 1509 nuda
284 1459 350 1509 totis
362 1473 426 1510 ossa
437 1473 505 1525 quae
517 1460 618 1526 passim
627 1461 721 1513 iacent

62 1540 68 1548 ⁴
153 1525 298 1579 inhumato
311 1526 430 1593 campis?
450 1527 528 1577 Haec
539 1526 640 1593 hymen
650 1529 752 1595 sparsit
763 1535 833 1582 tuus.

93 1597 145 1648 900
158 1597 220 1648 Tibi
234 1595 311 1647 fluxit
321 1597 409 1658 lisiae,
423 1595 501 1645 lluxit
511 1597 640 1663 Europae
652 1613 745 1661 cruor,

153 1668 221 1717 Cum
233 1664 392 1717 dimicantes
408 1664 483 1715 lenta
493 1667 666 1731 prospiceres
676 1669 763 1730 viros,

152 1736 262 1786 lncerta
272 1736 338 1784 voti.
374 1734 477 1801 Perge,
489 1733 625 1785 thalamos
636 1735 753 1802 adparal

153 1802 255 1855 'l'aedis
265 1803 329 1869 quid
340 1817 408 1868 opus
419 1808 475 1864 est,
488 1803 587 1869 quidrc
597 1803 712 1855 solemni
723 1804 796 1869 face,

153 1871 224 1932 Quid
234 1870 314 1938 ignei
335 1871 474 1923 Thalamis
485 1873 572 1924 Troia
581 1873 723 1939 praelucet
732 1877 818 1927 novis.
831 1932 835 1939 ,

92 1939 143 1990 905
154 1940 295 1991 Celebrate
305 1939 419 2007 Pyrrhi,
429 1941 568 2005 Troades,
582 1942 731 2006 connubia3

153 2008 294 2062 Celebrate
306 2010 399 2072 digne:
411 2011 535 2072 planctus
547 2018 576 2064 et
586 2013 704 2076 gemitus
716 2018 823 2063 sonent.

152 2090 230 2127 nno.
241 2076 358 2127 Ratione
370 2074 492 2155 quqmvis
505 2079 598 2125 careat
608 2081 636 2125 et
646 2073 720 2128 flecti
731 2086 815 2146 neget

151 2147 268 2211 Magnus
279 2143 371 2207 dolor,
383 2144 527 2210 sociosque
538 2158 730 2212 nonnunquam
741 2149 785 2199 sui

152 2215 289 2265 Moeroris
299 2213 374 2278 ipsos
387 2213 488 2275 oderit:
500 2226 611 2264 causam
621 2219 714 2266 tanuen

94 2283 261 2335 bleossnm
272 2283 343 2334 tucri
353 2282 443 2334 iudice
454 2280 556 2333 infesto
567 2298 665 2345 meam,
832 2336 836 2345 ,

153 2352 289 2402 Graviora
304 2365 411 2417 passo·
430 2349 523 2418 Luget
533 2350 725 2414 Andromacha
734 2354 878 2408 Hectorem

153 2422 190 2472 Et
201 2419 316 2472 Hecuba
325 2419 478 2482 Priamum3
491 2419 685 2472 solus'occulte
696 2422 776 2474 Paris

152 2487 440 2557 LugendusHelenae.
475 2489 582 2541 Durum
598 2495 627 2541 et
640 2491 758 2544 invisum
769 2498 797 2546 et
812 2507 875 2560 grat

638 2564 689 2621 est,

14 2646 46 2800 b
155 2626 272 2680 Servitia
282 2625 369 2690 ferre3
380 2627 471 2695 patior
481 2625 533 2680 hoc
546 2627 610 2681 olim
620 2627 714 2696 iugum
