1860 2970
99 120 150 175 224
267 114 301 166 L.
330 112 486 166 nonnul
513 108 705 165 SENECAE

157 219 205 272 Sol
216 219 337 287 generis,
348 222 378 268 et
386 220 539 284 spectatur,
550 221 579 267 et
592 230 675 267 curm
684 218 807 272 insidens
858 260 864 267 .

114 292 148 345 8⁰
159 287 373 353 Pe1·solitapuri
384 287 475 352 spatia
485 284 604 337 decurrit
615 284 689 352 polii

156 357 219 410 Non
228 356 336 409 reditio
347 360 437 417 emus,
447 358 477 405 et
485 354 628 405 remetitur
636 354 728 405 diemi

155 430 216 490 Da,
226 426 263 477 da
272 440 322 491 per
333 438 414 475 auras
426 422 549 475 curribus
557 422 654 490 patriis
664 422 742 476 vehi!

134 490 137 495 ’
157 495 303 551 Committe
313 490 450 554 habenas,
460 492 583 559 genitor,
595 497 624 542 et
632 490 814 560 flagrantibus

157 563 279 633 ignifera
286 560 353 617 loris
361 561 450 612 tribue
459 559 598 611 moderari
606 561 687 627 iuga:

71 628 78 639 “
117 634 151 687 35
163 634 279 687 Gemino
290 627 437 683 Corinthos
446 628 540 681 littora
552 642 693 696 opponens
702 643 797 682 mores

160 704 288 757 Cremata
297 699 412 751 dammis
422 699 510 751 maria
520 698 674 749 committet
684 697 749 749 duo.

157 772 223 825 Hoc
233 774 321 822 restat
330 782 423 831 unum,
433 766 587 835 pronubam
595 764 719 818 thelame
729 765 820 821 ferum

160 842 199 892 Ut
208 841 269 907 ipsa
277 838 380 906 pinum,
390 842 506 904 postque
516 834 659 887 sacrificas
669 850 769 904 preces

162 908 281 960 Caedem
291 906 388 959 dicatis
396 905 520 956 victimas
531 904 671 959 utanous.

118 981 153 1031 4⁰
163 978 218 1031 Per
229 978 336 1028 viscere
344 976 405 1042 ipsa
415 986 515 1041 quaere
525 971 658 1039 supplicio
669 974 753 1036 dam,

161 1046 278 1107 Siricis,
290 1042 390 1095 anime!
401 1041 498 1110 siquid
510 1041 614 1108 antiqui
622 1040 671 1092 tibi

161 1113 416 1180 Remanetvigoris:
434 1111 505 1179 pelle
516 1108 759 1175 femineumnec,

161 1186 200 1235 Et
208 1182 400 1249 inhospitalem
411 1180 564 1232 Caucasum
573 1184 664 1231 mente
674 1180 771 1232 indue!

166 1251 353 1318 Quodcunque
363 1250 431 1301 vidit
439 1247 538 1300 Phasis
549 1253 597 1300 eut
607 1248 713 1301 Pontus
724 1249 812 1313 nefas,

121 1322 156 1375 45
166 1320 279 1373 Videbit
289 1317 415 1370 Isthmos.
450 1315 806 1385 Effera‚ignota,hortida‚

165 1388 320 1441 Tremenda
330 1387 406 1440 coelo
418 1387 521 1453 pariter
532 1402 565 1438 ee
575 1388 656 1438 terris
665 1386 739 1438 mala

164 1460 244 1512 Mens
253 1459 326 1509 intus
337 1458 437 1524 agitat3
447 1455 568 1519 vulnera,
587 1462 616 1508 et
627 1455 750 1519 caedem,
760 1462 791 1508 et
800 1469 888 1525 tegrin

163 1529 257 1580 Funus
267 1540 318 1595 per
327 1533 411 1577 artus.
447 1523 535 1576 Levia
544 1526 693 1576 memoravi
703 1526 792 1577 nimis.

164 1598 243 1648 Haec
252 1598 330 1664 virgo
340 1594 404 1659 feci3
416 1594 525 1662 gravior
536 1599 651 1662 exurgat
662 1593 755 1646 dolor:

122 1669 156 1720 50
165 1666 274 1718 Maiora
282 1666 337 1716 iam
346 1679 391 1715 me
401 1663 507 1715 scelera
516 1668 579 1730 post
589 1668 684 1730 partus
695 1663 803 1716 decent.

164 1735 326 1801 Accingere,
336 1734 391 1795 ira,
403 1737 484 1799 teque
495 1733 523 1782 in
535 1733 648 1782 exitium
657 1746 727 1799 para

164 1805 270 1855 Furore
280 1801 354 1853 toto!
375 1801 453 1869 paria
462 1807 608 1852 narrentur
617 1806 667 1852 tua

163 1871 289 1939 Repudia
298 1868 437 1921 thalamis!
456 1869 615 1932 Quovirum
624 1871 722 1937 linquis
734 1870 833 1922 modo!
855 1892 859 1899 ·

166 1941 242 2003 lice,
254 1954 307 2007 quo
319 1943 414 1990 secuta
425 1952 468 1989 os.
507 1938 612 2005 Rumpe
623 1940 678 1989 iam
689 1954 787 2007 segnes
802 1951 895 1990 morast

123 2010 157 2063 55
169 2010 246 2070 Quae
261 2008 364 2061 scelere
378 2012 460 2075 parta
473 2012 529 2073 est,
539 2007 642 2061 scelere
651 2007 799 2077 linquenda
809 2014 850 2061 est
857 2005 895 2056 do·

631 2090 700 2128 mus.

418 2229 595 2280 CHORUS.

165 2328 399 2376 Ctomemnlieridm
410 2328 535 2376 Corinthiis
543 2329 633 2375 Iasonis
638 2337 662 2374 et
671 2328 854 2390 Crmaemqets‘is
858 2326 896 2385 eoi·

109 2384 245 2433 idolotithum
250 2386 374 2444 praecinit.

68 2534 74 2551 ⁸
167 2479 208 2530 nd
218 2493 312 2546 regum
321 2476 456 2530 thalamos
467 2479 575 2531 numine
586 2492 731 2546 prospero,

49 2554 67 2613 ²¹:
170 2550 221 2609 Qui
233 2547 338 2599 coelum
349 2544 460 2614 Superi,
473 2549 572 2615 quique
582 2555 680 2615 regunt
690 2548 801 2613 fretum,

49 2606 89 2776 b
168 2616 350 2679 Adsint,cum
360 2617 468 2685 populis
478 2618 531 2669 rite
542 2615 708 2670 faventibus!
