1860 2970
240 100 450 181 unonnnsl
480 131 569 183 nou.
587 133 635 189 ru.
783 143 834 190 nn

32 230 203 297 ,‚Susoipe‚“
214 226 296 292 dixit,
306 237 417 292 ‚nector
431 229 564 299 habenas,
713 248 715 253 ·
783 244 834 294 130

30 301 183 367 Patrisque
194 298 259 351 sede
270 299 357 351 celsus
368 301 437 353 solio
443 320 451 365 ;

32 369 89 421 Sed
99 375 210 434 sceptra
220 368 273 418 lide
284 368 396 421 meliore
406 374 498 424 teue.“

32 440 97 490 Hoc
107 437 160 489 fuit
168 438 214 488 illo
225 439 331 488 victore
342 439 411 506 capi.

32 508 139 559 Discite
150 507 228 557 mites
241 506 365 558 Herculis
375 509 438 560 iras.

32 580 73 628 An
84 577 145 628 sola
155 575 263 642 placent
273 576 503 631 Herculisannal
582 578 587 593 '

31 647 111 698 Iacet
122 644 278 711 antepedes
289 661 343 696 uon
354 647 442 699 nrinor
452 648 500 700 illo

33 714 163 783 Suppliee
174 713 302 780 supplex,
312 716 448 784 uitamque
458 719 536 784 petit.

31 785 157 851 Regnum
167 784 283 849 Troiae,
294 799 453 854 quoeunque
464 787 547 851 volet,

32 855 157 906 Fortuna
167 851 249 906 ferat.

47 1033 248 1094 uurssus,
269 1033 569 1100 nnunouneur,
590 1038 816 1090 rrrrrnar.

87 1134 194 1234 Ρῖταῠηιευ
202 1133 277 1181 nanae
286 1135 636 1195 etdr'raame'scetdndromaclre,
652 1142 825 1200 Ulyssemorans

32 1208 74 1237 mc
84 1207 113 1237 ex
142 1207 157 1233 a
184 1219 191 1234 ο
687 1224 695 1233 ·

33 1300 83 1336 ur..
95 1284 195 1335 Matris
204 1281 311 1349 quidem
322 1297 366 1334 me
376 1298 486 1338 moeror·
496 1288 630 1339 attonitae
641 1293 747 1352 movet3
781 1289 833 1338 140

31 1357 121 1422 lllagis
131 1352 264 1419 Pelasgae
273 1367 316 1404 me
326 1358 417 1405 tamen
427 1361 529 1408 matres
539 1363 659 1419 movent,

32 1426 154 1486 Quarum
164 1423 217 1472 iste
227 1435 341 1488 magnos
352 1426 450 1474 erescit
459 1427 488 1475 in
497 1425 587 1477 luctus
597 1441 673 1494 puer.

33 1509 50 1543 n
58 1508 73 1543 u
81 1508 99 1542 u
108 1506 134 1542 n.
146 1493 185 1541 nn
196 1489 245 1541 has
255 1492 347 1542 ruinas
357 1493 471 1544 urbisin
482 1496 599 1547 cinerem
610 1495 688 1545 datos

35 1564 86 1612 llic
98 1558 244 1613 excitabitl
266 1558 318 1611 hae
326 1577 423 1612 manus
435 1563 547 1613 'l'roiam
560 1560 682 1630 erigenti

29 1631 124 1682 Nullas
136 1628 218 1680 habet
228 1644 291 1695 spes
302 1630 435 1692 Troia‚si
446 1631 515 1682 tales
525 1630 616 1682 habet.
782 1632 832 1682 745

29 1700 92 1752 Non
102 1700 142 1749 sie
152 1701 272 1750 iacemus
282 1700 385 1759 Troes,
397 1704 427 1749 ut
439 1700 564 1766 cuiquam
575 1705 675 1751 metue·

31 1770 170 1820 Pessimus
181 1782 250 1819 esse.
261 1795 293 1805 -
305 1766 421 1833 Spiritus
432 1769 540 1833 genitor
549 1767 623 1820 facit.
635 1796 668 1808 -
691 1787 718 1834 χ

30 1837 85 1889 Sed
96 1851 193 1903 nempe
204 1842 317 1889 tractus.
352 1835 414 1902 lpse
424 1843 488 1903 post
499 1838 612 1888 Troiam
621 1843 701 1904 pater

29 1908 172 1959 Posuisset
183 1907 301 1969 animos,
314 1920 412 1973 magna
424 1922 491 1973 quos
501 1906 630 1975 frangunt
640 1909 719 1962 nnala.

31 1976 60 2027 Si
72 1990 161 2043 poena
171 1977 284 2041 petitur,
296 1988 366 2041 quae
377 1977 432 2038 peti
443 1978 552 2039 gravior
564 1975 673 2044 potasti
721 2028 733 2044 x,
780 1978 831 2026 150

28 2045 173 2096 Famulare
185 2043 253 2093 eollo
265 2043 347 2092 nobili
358 2042 455 2093 subeat
464 2044 572 2110 iugum3

29 2113 137 2165 Servire
149 2112 239 2171 liceat.
275 2110 374 2178 Aliquis
387 2108 439 2161 hoc
450 2114 508 2179 regi
518 2112 618 2178 negati

31 2198 80 2235 uu.
93 2183 156 2234 Non
166 2180 353 2246 instrueres,
364 2179 412 2231 sed
423 2188 506 2249 negat
515 2181 629 2235 Calchas
639 2183 697 2234 tibi.

30 2267 131 2302 nunu.
144 2252 168 2302 0
179 2250 350 2302 machinator
360 2249 463 2303 fraudis
474 2257 503 2303 et
513 2252 646 2304 scelerum
657 2249 765 2313 artifex,

29 2322 137 2373 Virtute
150 2321 225 2370 cuius
236 2320 332 2371 bellica
341 2336 420 2371 nemo
432 2321 541 2385 occidit,
778 2319 828 2371 155

27 2390 104 2441 Dolis
116 2395 146 2441 et
157 2395 219 2439 astu
229 2389 369 2440 maleficae
380 2392 478 2442 mentis
487 2393 581 2449 iacent

28 2460 120 2510 Etiam
129 2458 252 2525 Pelasga
262 2464 352 2508 vatem
364 2465 392 2508 et
401 2461 522 2512 insontes
534 2461 600 2511 deos

27 2526 207 2580 Praetendisl
225 2528 289 2583 lloe
300 2532 342 2578 est
352 2530 471 2593 pectoris
482 2529 587 2580 facinus
597 2528 647 2590 tui,

25 2597 167 2649 Nocturna
178 2596 268 2659 miles,
279 2596 359 2647 fortis
369 2598 396 2647 in
409 2599 485 2662 pueri
495 2613 597 2648 necem.

23 2667 167 2720 lenusolus
180 2666 264 2720 audes
274 2665 389 2736 aliquid,
400 2671 428 2719 et
439 2667 514 2720 claro
524 2666 576 2719 die.
776 2663 827 2713 100
