1904 2948
112 133 145 184 90
286 128 321 182 L.
350 127 506 182 ANNAEI
532 127 725 185 SENECAE

171 236 307 303 Unquam,
319 248 369 285 nec
378 235 433 284 ista
441 236 530 284 morte
542 236 685 285 contentus
695 231 736 284 fui

111 306 163 361 170
174 305 232 356 Nec
243 319 286 354 mo
297 302 398 353 redemi
409 307 501 368 parte3
513 302 684 353 membratim
694 302 745 353 tibi

171 373 252 425 Volui
263 372 378 439 perire),
389 371 509 422 debitum
519 370 629 422 tandem
640 369 730 438 exiget

170 441 194 492 N
197 457 249 492 unc
259 441 334 491 solvo
346 454 448 507 poenas
454 457 462 504 ;
473 445 539 492 tunc
547 438 597 491 tibi
607 438 718 491 inferias
728 438 800 492 dedi.
908 504 912 511 Ι

171 510 254 572 Ades,
266 514 347 576 atque
360 510 476 560 inertem
486 509 627 560 dexteram
636 509 769 560 introrsus
780 524 889 576 preme,

170 579 312 645 Magisque
323 577 429 645 merge!
450 578 545 628 timida
555 583 612 628 tum
624 592 709 643 parvo
722 583 805 645 caput

112 647 162 699 115
173 647 283 698 Libavit
293 645 405 710 haustu,
415 647 512 714 vixque
523 647 662 712 cupientes
674 647 751 713 sequi

171 717 272 768 Eduxit
283 715 385 766 oculos.
421 716 527 767 Haeret
537 716 619 765 etiam
629 730 700 765 nunc
710 713 775 765 mihi

170 785 217 836 lile
229 786 345 846 animus,
356 782 465 848 haeret,
477 799 539 835 cum
546 788 719 835 recusantem
729 798 839 835 manum

171 855 298 905 Pressere
308 853 406 903 vultus·
440 852 540 903 Audies
551 866 657 914 verum,
670 852 787 920 Oedipe:

170 923 260 972 Minus
271 922 365 972 eruisti
375 921 476 972 lumina
486 921 617 972 audacter
627 926 688 982 tua,

112 992 162 1044 180
175 993 261 1052 Quam
272 991 441 1058 praestitisti.
475 988 555 1043 Nunc
565 1005 675 1047 manum
687 988 799 1040 cerebro
811 989 908 1052 indue;

170 1060 231 1111 liae
242 1064 319 1126 parte
331 1066 446 1112 mortem
456 1074 566 1127 perage,
578 1074 631 1126 qua
641 1059 720 1124 coepi
730 1057 812 1109 mori!

171 1143 210 1181 aa
220 1142 247 1180 r.
275 1129 410 1192 Pauca,o
426 1143 525 1197 parens
541 1126 726 1194 magnanime,
737 1127 908 1201 miserandae

603 1211 703 1262 precor
803 1226 810 1233 -

171 1265 206 1317 Ut
215 1264 299 1316 rerba
307 1269 388 1315 natae
399 1268 489 1315 mente
500 1263 609 1330 placata
620 1265 722 1317 audias.
778 1286 782 1291 ·
861 1327 865 1335 Ι

168 1333 229 1385 Non
241 1338 268 1383 te
280 1338 311 1384 ut
320 1333 449 1384 reducam
459 1334 559 1384 veteris
569 1333 604 1384 ad
615 1336 735 1401 speciem
745 1334 857 1401 domus,

110 1402 161 1453 185
170 1403 353 1469 Habitumque
365 1402 440 1469 regni
452 1400 519 1453 flore
529 1403 676 1468 pollentem
687 1403 780 1454 inclito

170 1473 253 1534 Pet03
266 1478 309 1522 ast
319 1477 350 1521 ut
360 1473 427 1534 iras,
438 1476 562 1539 tempore
574 1479 622 1523 aut
631 1474 691 1538 ipsa
701 1487 779 1524 mora

170 1541 299 1602 maces,
310 1542 423 1593 remisso
435 1550 547 1607 pectore
559 1557 591 1592 ac
602 1542 709 1608 placido
721 1540 804 1593 feras.

170 1611 207 1660 Et
217 1608 270 1660 hoc
282 1610 397 1662 decebat
406 1610 511 1662 roboris
522 1612 592 1661 tanti
603 1612 702 1671 virum,

170 1677 231 1729 Non
244 1695 303 1731 esse
314 1680 363 1731 sub
375 1680 483 1744 dolore,
494 1695 545 1732 nec
555 1681 656 1730 rictum
666 1678 744 1729 maiis

111 1745 161 1798 190
173 1748 245 1797 Dare
257 1755 342 1816 terga.
378 1749 440 1802 Non
451 1756 505 1812 cst,
516 1755 547 1800 ut
556 1755 650 1816 putas,
662 1749 761 1811 virtus,
771 1754 864 1816 pater,

171 1817 279 1867 'l'imere
290 1819 386 1881 vitam,
398 1819 446 1870 sed
457 1819 532 1870 malis
544 1818 698 1884 ingentibus

173 1884 303 1948 Obstme,
314 1902 364 1937 ncc
374 1902 403 1938 se
415 1894 521 1938 vertere
533 1902 565 1936 ac
577 1886 738 1937 retrodare.
818 1920 821 1927 -

172 1953 224 2013 Qui
235 1953 293 2005 fata
302 1956 483 2021 proculcavit,
495 1970 528 2006 ac
538 1956 610 2005 ritae
621 1956 694 2005 bona

170 2020 292 2072 Proiecit
302 2030 383 2090 atque
394 2024 523 2085 abscidit,
535 2028 563 2073 et
574 2031 652 2074 casus
663 2024 733 2074 suos

110 2088 160 2140 195
174 2091 303 2141 Oneravit
313 2093 385 2157 ipse,
396 2095 440 2143 cui
449 2092 501 2142 deo
512 2092 585 2142 nulio
598 2099 640 2144 est
651 2108 733 2158 opus,

168 2160 259 2219 Quare
268 2159 313 2210 illc
323 2167 437 2213 mortem
450 2162 554 2227 cupiat,
565 2168 613 2211 aut
625 2176 708 2229 quare
719 2156 812 2226 petati

169 2228 317 2295 Utrumque
328 2229 415 2281 timidi
424 2235 474 2280 est.
510 2229 596 2280 Nemo
609 2230 754 2280 contemsit
763 2229 846 2292 mori,

171 2297 223 2357 Qui
234 2300 399 2365 concupivit3
412 2299 486 2348 cuius
496 2297 569 2349 haud
580 2300 650 2350 nitra
660 2299 732 2349 mala

99 2394 102 2399 ·
167 2365 251 2417 Exire
262 2372 389 2432 possunt,
400 2368 428 2417 in
438 2366 499 2418 loco
513 2373 571 2419 tuto
584 2374 626 2419 est
637 2370 714 2419 situs.

108 2434 159 2485 2110
172 2435 236 2494 Quis
247 2437 301 2487 iam
312 2436 425 2487 deorum
436 2437 520 2496 (velle
531 2437 592 2500 fac)
604 2437 749 2504 quidquam
760 2438 853 2502 potest

70 2546 73 2553 .
168 2505 247 2554 Molis
257 2506 310 2558 tuis
322 2504 455 2558 adficeret
475 2508 532 2557 lam
542 2521 593 2557 aee
603 2513 633 2556 tu
643 2511 736 2571 potes,

168 2571 226 2625 Nisi
237 2571 298 2637 hoc,
310 2580 341 2625 ut
350 2574 411 2626 essse
420 2581 448 2627 te
459 2581 538 2643 putes
548 2576 657 2640 dignum
668 2589 743 2625 nece.

101 2698 113 2727 π
168 2641 228 2694 iton
239 2657 283 2706 es.
295 2659 345 2697 uec
356 2644 411 2698 ulla
420 2652 517 2715 pectus
528 2643 582 2695 boc
593 2643 782 2713 culpaattigit.

208 2854 352 2920 A.
