1860 2970
157 106 383 165 HERCULES
412 109 613 166 (munus.
632 111 720 166 ACT.
737 113 772 167 11.
809 113 858 164 309

60 214 133 268 Nam
142 227 207 265 rnre
216 211 294 278 fides,

61 285 114 336 Ubi
123 285 179 335 iam
188 281 402 335 meliorfortunn
411 283 474 335 ruit

60 353 107 403 Tu
118 353 269 420 quicunque
279 352 379 420 es‚qui
388 357 498 418 sceptra
507 357 594 418 tenes,
809 350 858 401 605

60 421 143 473 Licet
153 436 232 472 omne
243 425 291 471 tun
301 419 395 486 vulgus
405 421 432 470 in
443 421 506 472 nula

63 491 177 542 Centum
189 491 292 557 pan'ter
301 489 394 540 limina
403 488 506 556 pulset:

63 559 131 609 Cum
139 562 184 608 tot
193 557 299 624 populis
310 559 426 625 stipatus
437 571 494 622 ens,

60 627 93 679 ln
104 631 147 676 tot
156 627 262 692 populis
272 627 317 677 vix
327 641 381 677 nne
391 625 467 678 fides.

62 696 154 745 Tenet
163 700 287 745 auratum
297 694 378 747 limen
387 696 518 761 En‘nnys3

61 763 99 815 Et
111 776 173 812 eum
181 776 295 830 magnae
307 761 515 829 nemetensem,

61 833 169 883 Intrant
177 830 312 894 Fraudes,
324 832 450 897 cautique
459 831 533 894 Deli,

61 900 230 966 Ferrumque
238 899 339 962 latens3
352 913 466 965 eumque
476 900 503 948 in
514 899 629 966 populos
693 956 696 961 ,
824 956 826 961 ,

62 967 178 1021 Prodire
189 973 301 1035 parant,
313 982 405 1019 eomes
416 967 520 1019 Invidia
528 974 579 1022 est
676 964 707 1043 j?
727 978 743 1023 3²
761 982 765 991 '
786 964 803 1003 '¹‘

63 1036 181 1088 Noctem
192 1037 297 1102 quoties
309 1043 461 1087 summovet
471 1036 537 1100 Eos,
667 1046 677 1080 ι·
813 1034 863 1082 615

63 1104 167 1172 Regem
177 1105 259 1155 toties
271 1104 372 1157 credite
382 1105 466 1157 nasei.

63 1172 529 1241 Peuciregeanonregnacolunt·
660 1156 692 1261 J(

63 1240 161 1292 Plures
171 1239 260 1308 fulgor
273 1244 392 1294 concitat
403 1243 489 1296 aulae.

63 1311 102 1362 Cu
105 1309 146 1375 pit
156 1306 200 1360 hie
210 1310 267 1377 regi
279 1312 417 1377 proximus
426 1312 477 1378 ips*

66 1377 161 1430 Clarus
170 1377 240 1430 latas
253 1379 293 1429 ire
303 1393 352 1444 per
361 1379 456 1430 urbes:

65 1445 127 1497 Un’t
136 1447 264 1497 miserum
276 1445 363 1512 gloria
374 1450 478 1510 peetus.

67 1515 148 1580 Cupit
158 1511 201 1564 hic
211 1515 286 1581 gazis
296 1512 410 1578 implere
420 1511 535 1574 famem3

63 1581 123 1652 Nee
133 1587 225 1633 tamen
236 1582 321 1633 omnis
332 1580 412 1646 plaga
421 1578 573 1647 gemmiferi

65 1650 174 1702 Sufficit
184 1651 245 1702 lstri
252 1664 322 1712 ‚nee
332 1653 393 1698 tota
403 1648 475 1702 sitim

65 1718 157 1786 Lydia
168 1719 265 1779 vineit,
276 1730 340 1779 nee,
352 1731 421 1783 quae
432 1712 560 1783 Zephyro

64 1787 182 1839 Subdita
191 1786 270 1836 tellus
282 1790 374 1851 stupet
384 1789 480 1836 aurato

64 1855 189 1908 Flumine
200 1853 301 1903 clarum
313 1853 420 1904 radiare
432 1853 552 1920 Tagum3

63 1924 137 1987 Nec,
148 1925 172 1975 si
183 1927 258 1973 totus
269 1923 369 1974 serviat
379 1921 498 1986 Hebrus,

64 1992 193 2059 Ruraque
205 1991 279 2045 dives
291 1992 383 2059 cingat
393 1990 549 2059 Hydaspes,

64 2063 194 2128 Intraque
204 2074 268 2112 suos
280 2075 388 2112 currere
398 2059 466 2111 fines
506 2105 510 2111 .

64 2128 180 2195 Spectet
189 2135 249 2180 toto
261 2128 371 2182 {lumine
383 2129 514 2196 Gangem.

65 2198 171 2259 Avidis,
183 2197 268 2249 avidis
278 2203 376 2249 nature
385 2211 481 2264 parum
492 2199 542 2249 est.

66 2265 138 2317 Colit
149 2264 193 2316 hic
203 2281 282 2333 reges
292 2268 441 2333 regumque
449 2264 530 2325 lares,

65 2333 128 2385 Non
139 2340 170 2385 ut
180 2348 274 2401 presso
285 2348 394 2384 vomere
405 2333 522 2401 semper‘
556 2396 560 2407 ⁹

66 2402 209 2470 Nunquam
221 2408 310 2454 cesset
320 2417 417 2452 curvus
430 2402 537 2463 ersten

65 2471 118 2523 Vel
129 2472 201 2523 mille
211 2476 304 2523 secent
315 2485 379 2522 arva
391 2469 493 2520 coloni:

66 2539 147 2592 Soles
159 2545 249 2605 optat,
261 2553 326 2605 quas
336 2543 437 2606 ponat,
449 2550 526 2607 opes.
650 2598 659 2615 Ι

61 2608 132 2657 colit
139 2606 185 2657 bic
194 2621 289 2674 reges,
303 2609 396 2665 calcet
406 2606 438 2664 ut
450 2621 553 2664 omnes
