1860 2970
98 141 131 192 cr
295 132 329 185 n.
346 91 502 184 nunnus
520 123 709 182 sennenn

158 237 306 299 Recolens,
317 235 421 287 animus
431 231 526 285 haeret
536 246 569 282 ac
579 238 654 283 retro
666 234 741 299 cupit

96 310 147 362 420
159 310 264 374 Corpus
274 304 390 366 referre,
401 317 497 354 moveo
508 299 644 351 nolentem
655 302 778 369 gradum.

158 386 296 427 rnrsrn.
317 373 400 440 Pigro
415 370 495 440 (quid
508 367 563 421 hcc
577 367 651 434 esti)
665 372 774 438 genitor
787 372 895 429 incessu

239 466 256 493 η
584 444 690 504 stupet,

157 511 323 578 vultumque
333 514 436 572 versat,
448 520 530 576 seque
540 507 568 559 in
577 507 682 559 incerto
693 512 778 561 tenet.

159 595 236 632 rnr.
256 579 340 642 Quid,
352 579 453 638 anime,
463 576 579 643 pendes,
590 576 687 642 quidne
698 580 840 632 consilium
851 581 896 634 diu

159 652 229 700 Tam
239 648 318 700 facile
328 643 455 714 torquesi
465 645 555 696 Rebus
565 645 765 711 incertissimis,

99 719 150 770 425
161 719 252 769 Fratri
264 723 345 783 atque
354 729 452 782 regno,
463 713 565 776 credis,
577 728 609 764 ac
620 716 718 766 metuis
729 717 802 768 maia
874 757 876 761 .

158 787 216 837 lam
225 786 311 847 victa,
320 785 375 835 iam
385 788 538 844 mansueta,
549 787 577 833 et
588 796 729 834 aerumnas
744 783 817 854 fugis

158 856 232 906 Bene
244 851 409 905 collocatast
421 852 488 902 Esse
498 852 553 901 iam
562 852 691 901 miserum
701 853 785 904 iurat.

157 922 277 974 Reflecte
288 935 424 989 gressum,
435 919 498 969 dum
506 918 585 980 licet,
594 925 676 986 teque
687 921 773 986 eripe!

158 991 378 1051 censendum
388 1001 470 1040 causa
481 987 567 1054 cogit,
585 988 823 1105 gergtor,apatria
833 1008 891 1060 gra·

643 1071 689 1106 um

11 1159 15 1165 ν
97 1126 149 1180 430
159 1125 271 1178 Referre
281 1122 355 1174 visai
366 1138 415 1174 cur
425 1123 503 1175 bonis
513 1124 597 1174 tantis
607 1124 693 1174 sinum

81 1254 85 1261 ¹
159 1190 308 1246 Subducisi
319 1193 364 1243 Ira
373 1191 459 1243 frater
470 1193 577 1244 abiecta
588 1192 672 1257 redit3

157 1264 320 1329 Partemque
330 1263 406 1328 regni
416 1260 519 1323 reddit,
531 1266 559 1312 et
569 1260 676 1312 lacerae
687 1259 784 1312 domus
847 1309 849 1312 .

158 1332 302 1398 Componit
312 1335 400 1392 artus,
412 1336 492 1396 teque
503 1330 622 1380 restituit
632 1330 681 1381 tibi
712 1344 722 1368 Ι

158 1413 235 1450 rur.
254 1401 368 1451 Causam
378 1399 496 1461 timoris,
507 1399 566 1464 ipse
579 1412 658 1465 quam
668 1399 779 1466 ignoro,
799 1402 890 1468 exigis.

97 1467 148 1520 435
160 1467 234 1520 Nihil
243 1468 391 1520 timendum
400 1466 493 1530 vide03
505 1466 554 1518 sed
564 1468 647 1518 timeo
658 1465 759 1518 tamen.

157 1537 314 1602 Placetire3
327 1537 409 1604 pigris
419 1536 540 1587 membra
550 1534 598 1587 sed
607 1535 730 1602 genubus
740 1535 848 1598 labant,

135 1627 139 1633 ·
156 1609 268 1676 Alioque
279 1621 360 1676 quam
372 1620 425 1672 quo
435 1606 509 1657 nitor
519 1603 652 1656 abductus
663 1603 746 1656 feror.

158 1675 203 1728 Sic
214 1679 377 1728 concitatam
389 1675 490 1742 remige
501 1673 599 1725 etrele
610 1678 702 1725 ratem,

157 1745 266 1808 Aestus,
277 1746 406 1796 resistens
416 1742 511 1810 remigi
522 1747 551 1795 et
560 1743 635 1806 velo,
643 1740 738 1795 refert.
851 1795 855 1800 ,

97 1814 147 1865 440
158 1827 295 1865 rnrsrn.
310 1813 427 1878 Evince,
438 1811 566 1881 quidquid
579 1811 707 1931 obsgatet
716 1816 835 1866 mentem
846 1816 892 1864 im·

613 1881 682 1944 eit,

149 1950 346 2017 ¹Reducemque
358 1954 458 2017 quanta
468 1897 759 2016 praemiagxspectent
769 1950 839 2002 vide.

158 2020 249 2080 Pater,
261 2026 474 2085 potes'regnare.
494 2031 571 2070 rur.
590 2019 770 2085 cumpossim
782 2022 859 2070 mori.

157 2100 295 2138 rursusi.
315 2085 426 2139 Summa
436 2089 478 2139 cst
488 2092 645 2154 potestas...
665 2098 742 2138 rnr.
766 2087 892 2149 Nulla‚si

507 2153 683 2223 cupiasnihil.
835 2157 839 2161 “

162 2235 300 2276 enrsrn.
337 2223 439 2277 Gnatis.
450 2219 594 2293 relinques.
634 2237 714 2276 rur.
743 2222 805 2277 Non
820 2227 893 2292 capit

486 2293 687 2361 regnumducs.

98 2359 150 2416 445
161 2373 272 2412 rnisr.
290 2360 375 2414 Miser
386 2375 447 2414 esse
457 2361 572 2426 mavult,
584 2376 642 2414 esse
654 2361 698 2429 qui
708 2357 774 2412 felix
786 2359 893 2426 potesti

159 2442 231 2481 rur.
249 2428 316 2483 Mihi
327 2430 416 2495 crede,
428 2428 503 2482 falsis
512 2429 891 2498 magnanominibuspiuceut,

158 2498 272 2551 Frustra
281 2500 411 2551 timentur
421 2499 496 2550 dura.
514 2499 587 2550 Dum
598 2498 721 2551 excelsus
731 2498 810 2560 steti,

159 2567 302 2634 Nunquam
312 2583 411 2634 parere
421 2567 513 2618 destiti
524 2573 604 2635 atque
615 2568 703 2635 ipsum
714 2567 768 2618 mei

159 2635 272 2707 Ferrum
281 2637 377 2688 timere
387 2636 488 2689 lateris.
508 2634 531 2688 0
544 2642 671 2704 quantum
681 2633 781 2687 bonum
794 2642 836 2687 est
