1860 2970
236 84 389 145 munst.
424 85 513 138 AGT.
530 86 552 138 1.

11 193 108 243 rimus
120 185 289 254 sceptriferis
300 185 370 239 cella
380 187 552 241 Tonantibus

13 272 109 312 uurus
121 255 194 307 celsa
204 256 275 308 ferat
285 261 394 324 tergore
405 255 534 320 candid03

11 328 134 378 ucinam
144 325 216 375 nivei
226 323 328 389 femina
337 327 461 392 corporis

10 398 139 447 stentata
147 393 211 460 iugc
224 393 323 460 placet.
359 395 409 455 Et,
421 394 511 460 asperi

10 464 95 516 [artis
108 463 269 529 sanguineas
281 476 349 529 quae
361 460 470 514 cohibet
481 476 585 527 manus,

10 547 76 595 ¹uae
88 530 137 582 dat
147 530 283 598 belligeris
293 530 406 583 foedera
415 531 551 598 gentibue,

12 608 26 653 t
39 613 132 653 cornu
142 600 244 650 retinet
253 599 336 651 divite
348 602 465 666 copiam,

10 673 126 723 ›onetur
136 673 232 719 tenere
241 669 333 720 mitior
342 665 441 718 hostia.

10 744 28 791 flt
37 743 88 800 tu,
101 736 147 804 qui
158 735 263 788 facibus
272 737 399 804 legitimis
409 736 484 800 ades,

10 808 118 860 iontem
128 805 274 857 discutiens
285 806 395 872 auspice
406 805 529 870 dextera,

10 878 61 928 luc
71 873 169 926 incede
180 873 266 942 gradu
276 873 413 926 marcidus
423 874 509 938 ebrio,
573 858 622 945 γ(

10 943 184 1010 'raecingens
195 957 276 994 roseo
286 948 413 1009 tempora
421 941 540 995 vinculo!

10 1015 33 1065 :t
45 1019 94 1074 tu,
107 1026 176 1078 quae
186 1012 287 1079 gemini
297 1013 408 1079 praevia
418 1012 550 1080 temporis

10 1080 110 1141 sarde,
122 1079 214 1142 stella,
224 1081 296 1132 redis
307 1094 415 1146 semper
425 1081 592 1133 amantibus:

10 1153 40 1201 fe
54 1154 160 1200 matres
171 1148 279 1212 uvidae,
290 1154 318 1201 te
329 1150 442 1215 cupiunt
450 1164 545 1213 nurus,

10 1218 205 1284 luamprimum
215 1219 306 1269 radios
317 1233 445 1288 spargere
456 1218 569 1273 lucidus.

10 1288 94 1338 lincit
104 1287 240 1352 mrgineus
251 1287 333 1338 decer

10 1356 362 1422 iongececrepiasnurum
399 1393 402 1397 -

10 1427 36 1477 lt
47 1437 117 1490 quas
129 1424 248 1493 Taygeti
258 1424 328 1492 iugis

10 1493 257 1545 ixercetiuvenum
267 1494 359 1557 medo,

10 1560 88 1613 nuris
100 1554 172 1627 quod
183 1562 426 1630 caret‚.0ppidum;

10 1631 39 1683 lt
48 1643 118 1748 {uas
127 1629 229 1683 Aonius
238 1630 322 1692 latex,

10 1697 51 1766 llp
72 1711 175 1765 eosque
184 1712 263 1751 sacer
273 1698 354 1748 lavat.

10 1766 109 1818 ledent
117 1766 233 1818 Aesonio
244 1767 316 1829 duci,

10 1835 29 1887 li
41 1833 133 1886 forma
142 1835 206 1886 velit
217 1835 329 1901 auspici,
421 1864 424 1869 ·
515 1850 518 1855 ·

10 1903 99 1956 Proles
109 1902 226 1955 fulminis
236 1905 362 1971 improbi,

10 1975 88 2038 lptat
97 1973 143 2038 qui
154 1973 219 2039 iuga
229 1974 357 2040 tigribus3

10 2041 60 2092 lec
71 2054 141 2102 non,
153 2043 198 2108 qui
209 2043 332 2109 tiipcdus
342 2049 442 2106 meret,

10 2111 100 2161 irater
109 2109 220 2176 virginis
230 2125 357 2178 usperuc3

10 2178 89 2230 ledet
100 2179 215 2231 castore
226 2194 288 2231 cum
297 2195 347 2231 suo

10 2247 103 2298 .³ollux
114 2246 250 2299 caestibus
261 2250 357 2315 aptior.

10 2314 63 2378 iic,
74 2317 132 2379 sic,
143 2315 310 2379 coelicolae,
320 2330 429 2382 precor,

10 2385 102 2438 lineat
111 2383 212 2436 femina
224 2385 363 2453 coniuges,

10 2455 51 2506 llir
61 2455 143 2521 longe
154 2459 265 2521 superet
273 2452 359 2507 virosi

10 2523 81 2574 laec
92 2537 154 2574 cum
164 2522 281 2574 femineo
293 2523 415 2574 constitit
424 2523 453 2573 in
464 2518 561 2575 choro:

10 2592 23 2642 J
26 2592 87 2643 nius
98 2590 184 2642 iacies
194 2592 330 2659 praenltet
341 2592 474 2644 omnibus.

63 2659 142 2712 Seu.
160 2660 267 2713 Tun.

615 2656 638 2710 P
