1860 2970
108 123 159 176 ln
288 116 322 170 1..
357 112 512 171 anunm
529 109 723 167 sauacnn
777 82 799 93 ”’

169 221 278 283 Gnatis,
290 218 354 288 quid
364 219 429 286 ipsi,
440 233 509 286 quae
520 222 596 271 tuum
607 233 707 286 magna
715 218 768 271 luit

107 294 158 349 94⁰
171 291 264 344 Scelus
275 291 365 350 ruina,
376 288 460 339 flebili
471 289 575 356 patriae
587 287 679 340 dabisl

168 359 302 413 Solvendo
313 372 368 409 non
379 373 416 410 es.
451 357 501 408 llla
510 373 578 425 quae
589 357 751 433 legesxratas

168 430 274 482 Natura
282 429 310 478 in
320 441 375 479 uno
387 427 469 477 vertit
480 427 636 493 Oedipoda,
646 442 736 480 novos

169 501 328 551 commenta
338 500 446 563 partus,
457 495 587 561 supplicis
597 495 693 548 eudem
704 499 773 549 meis
839 525 845 529 -
867 495 870 499 ’

167 567 298 620 Novetur.
333 567 436 617 lterum
445 564 550 629 vivere,
562 569 644 632 atque
654 566 755 617 iterum
766 569 837 619 moui

109 638 159 692 945
169 637 281 698 Liceat3
292 634 398 686 renasci
407 648 527 699 semper:
537 640 570 684 ut
579 635 662 686 toties
672 648 745 688 nova

169 705 224 771 Sup
255 702 427 773 [ciapeudas.
463 702 788 772 Utereiugeniomuiuer!
872 755 874 758 .

168 776 229 837 Quo
258 786 341 838 saepe
352 771 412 821 lieri
422 785 477 822 non
487 776 593 839 potest,
605 773 654 823 fiat
664 773 718 824 diu.

43 846 46 853 “
108 895 119 918 x
167 839 467 909 Merseligaturlonga.
504 841 721 904 Quaeratuuvia,

171 914 232 974 Qua
242 925 292 961 nec
302 908 415 976 sepultis
424 908 539 972 nnixtus,
550 916 578 961 ct
588 910 655 961 vivis
664 915 757 963 tamen

111 981 161 1035 959
171 983 302 1032 Euenitus
315 992 397 1030 erres.
432 978 558 1041 Morere,
568 979 617 1030 sed
629 980 699 1030 citra
709 986 818 1046 putrem

170 1049 324 1110 Cunctaris,
337 1045 442 1099 animet
462 1045 587 1110 Subitus,
599 1063 645 1110 en,
655 1047 745 1100 vultus
756 1056 855 1118 gravat

170 1116 301 1170 Prolusus
310 1116 410 1179 imber,
421 1130 455 1167 ac
466 1116 539 1182 liget
548 1115 614 1167 fletu
624 1117 721 1183 genusl

170 1187 207 1237 Et
217 1185 282 1236 llere
293 1184 360 1236 satis
371 1183 429 1236 estl
449 1182 591 1237 Hactenus
601 1183 716 1236 fundent
726 1184 816 1240 levem

173 1254 252 1308 Oculi
263 1253 409 1320 liquorem:
421 1251 531 1305 sedibus
542 1253 611 1319 pulsi
622 1254 679 1305 suis

112 1323 162 1378 955
174 1324 480 1388 Lacrimassequautur.
507 1322 798 1376 llimaritalesstatim

171 1391 322 1446 Fodiuntur
333 1389 436 1441 oculil“
451 1389 542 1453 Dixit,
554 1396 635 1458 atque
647 1392 689 1442 ira
698 1390 775 1444 funt.

171 1460 276 1513 Ardent
284 1461 403 1511 minaces
413 1461 475 1528 igne
489 1460 644 1511 truculento
655 1476 752 1528 genae,

173 1529 306 1597 Oculique
315 1530 360 1581 uix
371 1544 400 1580 se
411 1528 521 1580 sedibus
532 1530 650 1580 retinent
661 1529 727 1582 suis.

172 1599 330 1661 Violentus,
342 1597 445 1661 audax,
456 1597 561 1659 uultus,
573 1600 673 1662 iratus,
684 1597 767 1652 ferox

109 1668 163 1721 ’960
174 1669 294 1720 Tantum
304 1669 432 1720 eruentis.
469 1666 593 1730 Gemuit,
605 1670 633 1718 et
645 1666 734 1720 dirum
744 1667 866 1725 fremens

172 1739 270 1790 Munus
280 1739 307 1789 in
319 1752 368 1789 ora
377 1736 467 1787 torsit.
502 1737 537 1787 nt
548 1739 644 1791 contra
653 1742 746 1789 truces
819 1796 824 1805 Ι

173 1806 253 1858 Oculi
263 1810 454 1868 steterunt„et
463 1819 541 1856 suam
550 1805 647 1856 intenti
659 1821 770 1857 manum

171 1875 251 1926 Ultro
262 1876 452 1942 insequuntur3
464 1873 570 1926 vulneri
582 1881 728 1926 occurrunt
738 1889 798 1939 sue,

175 1941 318 1994 Scrutatur
330 1942 424 1994 avidus
433 1944 557 1994 manibus
567 1944 642 1994 uncis
653 1944 768 1995 lumina:

113 2011 163 2066 965
175 2010 276 2063 Radice
287 2011 320 2062 ab
331 2013 386 2064 ima
395 2010 518 2063 funditus
528 2012 620 2064 vulsus
631 2012 712 2064 simul

173 2081 283 2133 Evolvit
294 2080 383 2132 orbes.
423 2082 529 2133 Haeret
539 2083 567 2133 iu
577 2097 663 2133 vacuo
674 2097 781 2143 manus,

172 2152 209 2201 Et
218 2149 273 2199 lixa
283 2151 390 2215 penitus
401 2152 535 2217 unguibus
544 2151 647 2202 lacerat
658 2165 740 2202 cavus

173 2218 232 2268 Alte
243 2232 368 2270 recessus
376 2218 505 2270 luminum
516 2225 544 2271 et
554 2221 648 2272 inanes
659 2221 743 2281 sinus,

174 2284 319 2354 Saevitque
331 2288 444 2352 irustna3
456 2289 584 2356 plusque,
596 2305 677 2356 quam
686 2290 754 2339 satis
765 2295 824 2353 e'st,
836 2289 917 2376 furit)

113 2355 163 2407 9¹10
175 2356 294 2406 Tantum
306 2363 348 2408 est
358 2357 489 2424 periclum
499 2358 576 2408 lucis.
611 2357 719 2408 Attollit
728 2363 823 2426 caput,
848 2414 850 2419 ,

175 2426 306 2492 Canisque
316 2426 434 2477 lustrans
444 2426 554 2476 orbibus
566 2427 635 2477 coeli
647 2425 754 2493 plagas,

173 2493 291 2546 Noctem
301 2489 453 2562 experitur.'
484 2493 622 2562 Quidquid
632 2493 737 2546 effossis
748 2494 821 2548 male

176 2562 320 2629 Dependet
333 2563 432 2625 oculis,
441 2565 555 2629 rumpit,
568 2570 597 2614 ct
608 2565 696 2615 victur
706 2561 775 2616 deos

175 2631 445 2687 conclamatumnes:
456 2631 593 2700 „Parcite
604 2631 667 2701 heu,
677 2637 797 2703 patriae,
802 2647 914 2704 precor:
