1860 2970
57 116 82 209 “ἶ’.
120 124 129 137 ”
203 149 623 206 rurusrrs.acr.1n.
789 157 821 206 cs

24 256 167 319 colantur3
177 255 273 306 animis
285 255 348 306 odia
357 255 484 308 damnata
494 256 628 308 excidant.

24 337 101 377 aar.
118 324 229 376 Diluere
242 338 351 390 possem
361 330 472 386 cuncta,
483 325 534 375 nisi
545 326 605 377 talis
616 325 697 380 iores

23 394 78 446 Sed
88 393 194 454 fateor,
205 393 304 452 Atreu,
314 391 415 454 fateor,
428 393 524 443 admisi
534 396 636 456 omnia,

23 466 100 526 Quae
112 460 260 521 credidisti.
278 460 429 511 Pessimam
440 476 550 511 causam
560 477 648 513 meam

22 532 164 584 Hcdiema
174 528 261 596 pietas
271 526 345 578 fecit
363 529 414 580 Est
424 544 534 595 prorsus
546 545 659 594 nocens,
769 533 819 584 515

25 601 185 666 Quicunque
197 599 269 648 visus
279 602 335 647 tam
345 597 417 647 bono
428 596 508 648 fratri
517 604 559 648 est
569 614 678 650 nocens.

23 668 160 722 Lacrimis
171 665 306 732 agendum
316 670 373 716 est:
385 666 533 731 supplicem
544 667 645 732 primus
656 669 744 732 ridcs3

23 739 84 788 Hae
95 742 124 785 te
135 739 283 800 precantur
294 733 407 800 pedibus
417 736 536 786 intactae
547 749 655 787 manus:
666 742 677 759 ³

22 808 147 857 Ponatur
158 804 243 853 omnis
253 803 308 864 ira,
320 807 348 851 et
359 816 393 852 ex
404 803 493 853 animo
503 809 595 855 tumor

23 877 126 925 Erasus
138 871 228 921 abeat.
248 870 364 921 Obsides
374 871 437 922 fidei
448 872 543 939 accipe
767 875 817 924 520

22 946 81 994 iios
92 938 263 992 innocentes!
280 952 354 988 aaa.
371 941 482 1002 Frater,
493 954 511 989 a
520 939 640 1006 genubus
649 954 744 992 manus

22 1011 119 1072 Aufer,
130 1023 259 1075 meosque
271 1008 362 1072 potius
373 1007 512 1073 amplexus
521 1007 597 1072 pete!

21 1080 79 1130 Vos
89 1091 211 1144 quoque,
223 1090 317 1126 senum
327 1075 476 1140 praesidia,
487 1079 530 1125 tot
540 1077 664 1140 iuvenes,
675 1092 736 1130 meo

21 1148 145 1200 Pendete
158 1143 240 1196 collo!
252 1142 407 1211 squalidam
418 1148 520 1195 vestem
531 1157 614 1207 exue,

21 1216 169 1282 Oculisque
180 1215 280 1264 nostris
290 1226 386 1279 parce,
398 1217 426 1263 ct
437 1218 547 1264 ornatus
557 1227 625 1280 cape
767 1216 816 1267 525

20 1287 107 1337 Pares
116 1281 349 1348 meis‚laetusque
359 1279 472 1332 fraterni
481 1282 580 1347 imperi

22 1356 141 1421 Capesse
152 1348 269 1417 partem!
281 1351 371 1401 Maior
380 1347 448 1400 haec
458 1351 517 1417 laus
529 1355 571 1400 est
580 1363 654 1411 mea,

22 1422 113 1474 Fratri
122 1425 265 1486 paternum
275 1417 389 1469 reddere
400 1419 527 1470 incolumi
537 1419 629 1468 decus.

22 1491 133 1542 Habere
143 1502 257 1555 regnum
269 1501 347 1538 casus
358 1491 412 1552 est3
426 1489 512 1538 virtus
521 1487 596 1536 darc.

22 1572 100 1609 rur.
118 1556 155 1607 Di
165 1557 256 1622 paria,
268 1554 366 1617 irater,
378 1557 467 1622 pretia
476 1569 526 1621 pro
537 1554 620 1604 tantis
629 1551 681 1605 tibi
767 1557 817 1608 530

19 1626 126 1679 Meritis
137 1624 295 1690 rependant.
313 1623 427 1691 Regiam
437 1624 534 1688 capitis
544 1628 639 1672 notam

21 1694 141 1762 Squalor
150 1697 259 1744 recusat
268 1698 363 1743 noster
369 1728 377 1754 ‚
387 1696 416 1743 et
422 1695 559 1757 sceptrum
568 1704 664 1741 manus

18 1762 144 1814 Infausta
153 1760 261 1828 refugit.
296 1759 395 1812 Liceat
403 1761 432 1809 in
441 1759 531 1810 media
540 1756 603 1808 mihi

22 1832 125 1883 Latere
136 1830 225 1880 turba.
244 1842 319 1879 arn.
337 1828 445 1895 Recipit
454 1825 507 1878 hcc
517 1841 629 1893 regnum
641 1825 718 1879 duos.

21 1913 99 1951 rur.
117 1898 275 1949 Meumesee
282 1898 373 1959 credo,
380 1896 506 1964 quidquid
513 1901 563 1958 est,
570 1894 663 1959 frater,
669 1900 753 1949 tuum.
766 1897 814 1948 535

18 1982 96 2019 arn.
117 1967 183 2027 Quis
192 1964 329 2022 induentis
340 1966 412 2016 dona
421 1964 548 2015 fortunae
560 1963 669 2015 abnuit!

19 2049 98 2087 rar.
119 2030 765 2100 Expertusestquicunquequamfacilceffluant.

17 2118 95 2155 arn.
113 2102 238 2153 Fratrem
250 2103 330 2169 potiri
342 2102 429 2169 gloria
437 2102 541 2169 ingenti
549 2100 643 2152 vetas?

18 2185 96 2223 rur.
116 2172 179 2221 Tua
192 2172 247 2222 iam
257 2175 370 2237 peracta
379 2171 466 2237 gloria
476 2175 532 2233 est3
542 2175 630 2222 restat
638 2185 712 2223 mea:

17 2241 158 2307 Respuere
171 2245 274 2290 certum
285 2244 327 2289 est
338 2253 422 2306 regna
432 2239 571 2290 consilium
581 2237 655 2291 mihi.
764 2238 814 2288 540

17 2321 92 2359 arn.
111 2308 203 2360 Meam
212 2308 369 2374 relinquam,
381 2309 432 2358 nisi
440 2313 515 2358 tuam
525 2312 632 2374 partem
642 2307 752 2373 accipis.

17 2390 94 2427 rur.
114 2376 234 2442 Accipio.
252 2376 338 2443 Regni
348 2391 446 2428 nomen
455 2377 575 2441 impositi
584 2373 683 2441 feram3

17 2443 70 2496 Sed
81 2445 144 2495 iura
155 2450 184 2494 et
194 2458 270 2494 arma
280 2445 398 2495 servient
407 2460 514 2497 mecum
523 2444 582 2495 tibi.

15 2529 32 2564 s
40 2527 92 2563 ra.
114 2512 247 2576 Imposita
258 2514 341 2578 capiti
349 2514 438 2565 vincla
446 2511 600 2564 venerando
611 2525 689 2580 gere3

17 2582 76 2650 Ego
89 2580 243 2633 destinatas
253 2582 376 2634 victimas
387 2581 499 2650 Superis
509 2581 588 2632 dabo.
761 2581 812 2631 545

73 2715 153 2769 Sar.
172 2691 278 2769 Tusa.
640 2717 670 2770 a,
