1860 2970
142 135 196 188 ast
351 132 385 185 [ι.
411 130 572 185 nn'Nanr
600 130 795 187 SENECAE

201 236 304 289 Priami
313 235 445 303 superbae
457 250 572 303 corpore
582 237 695 288 eximias
704 251 810 305 gereon

200 303 355 358 Detrahere
364 305 452 357 cutus
462 319 532 358 uxor
541 305 655 357 hostiles
664 305 750 372 iubet,

199 375 317 427 Induere
329 375 420 442 potius
430 376 553 443 coniugia
561 375 634 426 fidae
644 390 728 426 mann

141 446 192 499 sto
203 446 310 497 Texton
320 444 445 496 amictus.
479 444 589 496 Horreo
601 449 683 511 atque
694 442 784 497 animo
794 450 881 498 trenm

200 514 339 582 Regemne
350 514 465 580 perimet
474 512 551 574 exul,
562 518 591 564 et
600 512 707 565 adulter
716 514 819 567 rirumt

201 584 310 636 Venere
320 581 391 632 fata:
402 582 560 648 sanguinem
571 587 710 634 extremae
721 583 805 650 dapes

201 651 313 703 Domini
322 650 465 713 ridebunt,
476 655 505 701 et
515 665 597 701 eruor
606 649 718 703 Baccho
729 651 837 704 incidet

201 719 348 772 Mortifera
357 718 476 770 vinctum
486 718 608 785 perfidae
618 718 710 772 tradet
719 721 781 772 neci

142 789 194 842 88⁰
204 788 302 842 induta
311 788 407 840 reatin:
418 789 521 839 exitum
531 787 654 840 manibus
664 795 758 856 negat,

203 859 344 926 Caputque
353 855 409 924 lari
419 861 446 906 et
455 857 520 907 invii
531 856 643 908 eludunt
651 858 736 910 sinuo.
837 862 841 867 '

85 929 100 966 ⁹
203 927 305 979 Haurit
313 926 440 977 trementi
449 925 559 977 semivir
569 921 667 977 dextra
677 926 759 991 latim,

81 985 91 1006 ‘
203 995 263 1050 Neo
273 995 380 1063 penitus
391 993 489 1062 adigit:
499 994 611 1046 vulnere
621 995 649 1046 in
658 995 748 1048 medio
759 1001 856 1060 stupet

205 1066 240 1118 At
249 1064 308 1127 iile,
319 1067 350 1114 ut
361 1062 422 1115 aitis
432 1061 555 1133 hispidus
564 1062 724 1131 silvieaper,

145 1133 196 1186 885
207 1135 274 1186 cum
285 1146 363 1184 caere
373 1133 481 1184 vinctus
490 1137 581 1183 tentat
590 1147 714 1200 egressus
723 1140 826 1194 tamen,

204 1204 300 1253 Arotat
318 1216 352 1253 ue
362 1206 441 1252 motu
449 1201 552 1265 vinela,
562 1207 591 1254 et
600 1203 736 1253 ineassum
746 1200 821 1264 furit,

122 1325 126 1336 ,
206 1269 287 1337 Cupit
297 1217 412 1321 duenteo
422 1269 540 1339 undique
551 1272 579 1322 et
590 1285 688 1322 coecos
699 1271 773 1322 sinus
858 1311 861 1317 .

116 1328 133 1405 ,s
204 1339 358 1402 Dietioere,
369 1342 397 1390 et
407 1336 515 1391 hostem
526 1340 633 1406 quaerit
640 1339 786 1408 implicitus
797 1353 878 1390 suum.

205 1409 299 1460 Armat
307 1408 417 1475 bipenni
430 1407 567 1474 Tyndaris
578 1408 701 1460 dextram
711 1407 817 1471 turens3

144 1476 196 1530 890
209 1476 355 1545 Qualisque
367 1476 402 1528 ad
413 1491 474 1529 aras
486 1477 557 1528 colla
568 1483 709 1529 taurorum
718 1478 778 1544 pius

205 1547 339 1614 Designat
351 1545 450 1609 oeulis,
462 1550 607 1615 antequam
616 1545 690 1598 ferro
701 1551 790 1612 potat:

206 1615 250 1668 Sic
261 1614 313 1668 huc
326 1620 354 1667 et
362 1615 426 1666 ilino
436 1616 547 1682 impiam
556 1615 638 1667 librat
648 1630 765 1670 manum.
829 1666 831 1670 ,

202 1685 310 1750 Habet3
321 1689 463 1752 peractum
469 1682 528 1743 ,esti
538 1684 650 1753 ,pendet
659 1685 758 1751 exigua
767 1683 837 1735 male

203 1754 291 1822 Caput
301 1758 471 1820 amputatum
481 1750 573 1819 partt3
585 1758 613 1804 et
622 1751 685 1804 hine
696 1759 793 1805 trunco
805 1765 882 1804 eruor

143 1821 193 1874 895
205 1822 345 1884 Exundat,
356 1823 429 1873 illino
440 1835 489 1873 ora
500 1836 561 1872 oum
572 1820 683 1874 fremitu
691 1823 790 1874 iacent

203 1890 329 1942 Nondum
339 1889 484 1954 recedunt3
494 1889 538 1942 ille
548 1891 603 1941 iam
613 1892 765 1943 exanimem
776 1892 852 1956 petit,

63 2014 66 2021 ,
136 1979 149 2033 p
203 1959 377 2026 Laceratque
389 1973 487 2027 corpus
494 1976 501 2023 ;
513 1958 560 2010 illa
570 1958 719 2010 fodientem
731 1960 850 2011 adiuvat.

136 2043 145 2064 ·
204 2029 323 2094 Uterque
333 2030 411 2079 tanto
423 2027 525 2081 scelere
536 2027 683 2094 respondet
693 2029 762 2080 suis:

203 2096 254 2147 Est
266 2094 310 2148 hie
321 2093 444 2162 Thyeste
454 2103 547 2158 natus,
558 2095 626 2148 haee
637 2097 759 2149 Helenae
770 2112 856 2150 soror.

144 2166 194 2217 900
206 2163 267 2216 Stat
278 2163 354 2217 ecoe!
376 2165 458 2219 Titan
469 2166 566 2216 dubius
578 2167 691 2217 emerito
704 2166 757 2229 die,

212 2233 301 2289 tuane
313 2239 417 2298 currat,
429 2250 464 2288 on
473 2233 633 2303 Thyestaea
642 2236 694 2287 nia.
