1860 2970
69 134 122 187 316
264 129 297 180 L.
316 125 474 180 ANNAEl
493 123 691 181 SENECAE

130 233 189 287 Nec
201 247 285 286 causa
295 228 370 282 dirae
382 229 466 283 cladis
476 228 504 280 in
513 226 605 301 medio
616 234 711 296 patet3

130 303 184 356 Sed
196 316 280 356 cansa
290 307 382 352 tamen
392 304 441 351 est
477 299 585 365 Vixque
596 298 737 352 sufficiens
747 301 817 367 male

68 374 120 428 835
130 372 209 425 Nunc
222 386 269 423 ore
281 375 384 422 terrem
393 367 538 437 languidus
546 381 636 435 prone
647 369 760 434 premit,
780 380 783 385 ·

129 441 208 495 Nunc
219 440 310 508 poscit
318 437 419 501 undas3
429 437 504 489 unda
513 451 568 489 nnn
578 437 666 489 vincit
674 439 787 490 malum.

129 511 289 564 Fluctisena
300 509 407 575 quaerit
415 508 522 570 littora,
534 512 564 558 ct
573 511 692 573 pentum
703 514 829 578 occupatu

129 578 281 634 Famularis
291 578 366 629 illum
376 577 476 628 retinet
487 580 625 629 errantem
634 591 744 648 manus.

132 649 270 700 Osertem
282 645 422 699 acerbam!
442 644 543 697 inimus
553 644 666 698 Alcidae
675 661 770 712 pares.

72 720 123 771 84⁰
133 716 212 770 Nunc
222 716 320 782 puppis
331 714 406 766 illum
416 714 510 767 littere
520 714 646 767 Euboico
656 714 758 780 refert,

132 789 284 852 Austerque
293 784 361 837 lenis
372 782 480 851 pondus
490 782 659 836 Herculeum
669 787 754 853 rapit.

131 855 265 908 Destituit
275 855 380 905 animm
392 853 527 916 membra,
537 867 593 905 nex
604 854 703 907 ocules
714 856 821 922 premit

133 938 176 977 nn
184 938 251 977 rsu.
264 923 349 988 Quid,
360 924 463 987 anime,
474 921 583 977 cessasl
603 923 865 1042 quidqstupeslaetur

567 1006 659 1044 scens

137 1062 257 1113 Gnatum
268 1061 391 1128 repescit
401 1060 522 1130 Iupiter,
532 1061 601 1113 iuno
613 1059 771 1115 aemulum:

77 1128 128 1182 845
141 1129 305 1181 Reddendus
317 1130 377 1179 orbi
388 1137 440 1179 est.
476 1131 558 1190 Quod
568 1134 663 1195 petest
672 1130 771 1196 reddi5
780 1127 865 1185 exiliit

138 1200 192 1249 [lat
201 1212 250 1263 per
261 1200 337 1248 artus
349 1197 421 1249 ensis
432 1203 546 1250 exactus
556 1210 643 1250 meos.

138 1265 193 1330 Sic,
204 1266 243 1316 sic
255 1264 391 1334 agendum
403 1264 458 1318 cst!
470 1295 503 1304 —
514 1267 584 1317 Tam
594 1265 664 1318 levis
676 1281 785 1335 poenas
795 1281 865 1321 mauu

138 1337 243 1387 Tantas
253 1333 392 1402 repesciti
413 1335 493 1389 Tolle
504 1335 675 1400 fulminibus,
687 1352 782 1404 socer,

137 1404 242 1457 Nurum
252 1403 410 1456 scelestaml
431 1421 482 1458 nec
492 1405 545 1458 lcvi
556 1405 611 1457 telo
623 1421 724 1459 manus

78 1474 129 1528 850
142 1477 278 1526 Armetur:
288 1474 354 1526 illud
364 1474 466 1526 fulmen
478 1477 570 1527 exiliat
581 1475 656 1542 pole,

139 1546 213 1606 Quo,
224 1544 253 1595 ni
263 1542 362 1596 fuisset
372 1545 480 1612 genitus
490 1545 596 1597 Alcides
608 1545 667 1608 tibi,

138 1614 264 1679 llydram
276 1629 436 1665 cremasses.
472 1614 583 1667 Pestem
595 1620 626 1665 ut
634 1613 782 1669 insolitam
793 1613 850 1673 feri,

137 1683 174 1733 Et
183 1687 214 1733 ut
223 1698 344 1735 noverca
355 1684 432 1750 peius
442 1683 515 1737 irata
525 1681 639 1735 malum!
649 1746 653 1753 Ι

137 1752 238 1804 Emitte
250 1753 334 1803 telum
341 1789 348 1815 ,
362 1751 440 1820 quale
451 1753 479 1803 in
489 1759 626 1807 errantem
638 1753 716 1821 p1ins

76 1818 127 1871 855
139 1819 315 1873 Phaethonta
325 1823 437 1875 missum
449 1830 504 1874 est:
517 1823 624 1891 perdidi
635 1824 664 1873 in
678 1824 743 1877 solo
754 1822 865 1878 Hercule

129 1890 174 1942 'Et
183 1892 242 1957 ipsa
255 1892 380 1958 populns.
401 1920 433 1930 -
448 1892 519 1954 Quid
529 1907 611 1961 regas
623 1892 711 1944 telum
724 1893 812 1947 densi

136 1958 194 2010 lam
206 1974 289 2026 parce
300 1976 413 2024 socer03
426 1963 571 2029 coniugem
580 1962 694 2014 Alcidae
705 1979 807 2018 necem

139 2028 242 2095 Optare
253 2029 364 2096 pudeat.
400 2031 480 2083 Haec
490 2032 542 2082 erit
554 2037 620 2082 vote
632 2046 749 2085 manns:

136 2098 159 2150 A
169 2113 212 2150 me
223 2103 342 2165 petatur.
379 2099 492 2166 Occupa
500 2098 603 2152 fenum
615 2100 708 2153 ociusl
719 2131 755 2142 -

77 2162 127 2218 860
139 2169 193 2219 Cur
204 2166 300 2220 deiude
312 2166 432 2220 ferrum?
454 2170 590 2238 Quidquid
601 2169 637 2221 ad
646 2176 771 2224 mortem
782 2171 865 2232 trahit.

138 2237 236 2291 Telum
246 2243 288 2291 est
300 2237 419 2291 abunde:
430 2253 498 2305 rupe
510 2239 543 2290 ab
555 2237 681 2291 aetheria
693 2239 782 2293 ferar·

137 2308 230 2372 llaec,
241 2306 310 2360 haec
320 2314 446 2361 renatum
458 2310 546 2374 prime
557 2323 626 2375 quae
636 2310 732 2375 poscit
744 2311 828 2376 diem,

139 2378 209 2430 Oeta
219 2378 347 2446 eligatur3
359 2392 459 2445 cerpus
471 2375 533 2431 hinc
544 2379 614 2429 mitti
624 2377 729 2445 placet.

137 2448 260 2515 Abrupta
270 2456 364 2501 cautes
374 2445 496 2511 scindat,
508 2454 536 2499 et
544 2452 652 2515 partem
661 2449 718 2500 mci

77 2515 127 2571 865
141 2517 225 2571 Ferat
237 2533 317 2571 omne
327 2533 439 2582 saxum,
447 2518 584 2583 pendeant
594 2516 705 2569 lacerae
716 2532 825 2582 manus,

136 2591 301 2661 'letumque
312 2590 416 2644 rubeat
423 2587 518 2651 asperi
522 2585 719 2659 inestimatus}

133 2663 227 2723 Levis
239 2681 300 2720 m
310 2677 392 2720 mm
402 2653 557 2723 nemerim,
563 2653 598 2700 at
605 2647 834 2709 euteumpexesz.
