1860 2970
70 123 121 174 346
288 113 323 165 1..
341 109 499 165 citriam
519 107 713 165 SENECAE

148 218 264 272 Admisit
275 230 380 270 omnes:
392 213 502 267 sedibus
512 213 609 281 pulsae
619 216 677 266 suia

148 289 283 342 volucres
293 290 435 353 pererrant
448 297 560 334 nemore
577 285 687 335 succiso
698 283 780 346 diem,

150 358 345 422 quaeruntque
354 352 432 404 lassis
443 351 569 425 garrulae
582 352 794 418 pennis-domos.

37 462 42 472 .
71 428 140 483 1635
150 429 261 492 lamque
273 424 359 476 omnis
371 421 453 473 arbor
463 420 566 482 sonuit,
580 424 608 470 et
618 434 716 481 sacrae
729 437 829 491 quoquc

153 495 268 547 Sensere
280 507 395 560 quercus
405 488 545 541 horridam
554 486 631 553 ferro
642 504 763 554 manum,

152 563 278 628 Nullique
289 561 407 627 priscum
417 557 520 625 profuit
530 557 595 608 luco
605 573 711 610 nemus.
722 616 725 622 ,

150 631 295 700 adgeritur
305 628 390 679 omnis
401 626 481 689 silva,
493 631 521 678 et
530 625 656 678 alternae
667 626 762 681 trabes

154 703 185 752 ln
195 703 271 750 astra
280 697 379 749 tollunt
388 694 500 747 Herculi
510 699 656 762 angustum
667 710 774 764 rogum.

75 770 144 822 1616
152 769 237 834 Rapit
246 767 303 816 atta
312 763 435 816 flammas
445 765 523 831 pinus
534 768 563 814 ct
572 763 660 814 robur
670 769 764 829 tenax,

154 837 191 889 Et
201 835 310 886 brevior
319 834 387 896 ilex,
399 832 468 883 silva
478 832 528 883 sed
538 830 660 898 complet
670 846 756 901 rogos

155 904 278 971 Populea
288 902 375 964 salva,
388 899 485 952 frontis
496 899 652 952 Herculeae
663 915 769 953 nemus.

156 973 258 1035 atille,
269 978 301 1021 ut
306 973 406 1038 ingens
416 983 527 1022 nemore
537 968 587 1021 sub
599 967 769 1023 Nasamonio

158 1043 246 1110 ,teger
256 1039 350 1093 reclini
360 1044 472 1106 pectore
481 1037 607 1106 immugit
616 1037 671 1103 ico,

78 1109 147 1164 1616
157 1111 265 1162 Fertur.
301 1108 368 1170 Quis
379 1108 453 1160 illum
464 1107 558 1161 credat
568 1106 604 1158 ad
614 1104 740 1161 flammas
750 1105 822 1175 rapit

159 1178 257 1230 Vultus
267 1177 385 1243 petentis
396 1183 485 1240 astra,
497 1191 553 1243 non
561 1177 656 1244 ignes,
668 1184 739 1228 crat

160 1248 196 1297 Ut
206 1246 305 1313 pressit
317 1245 420 1309 Oeten,
434 1262 467 1298 ac
478 1247 533 1299 suis
545 1245 631 1299 oculis
640 1261 740 1315 rogum

159 1315 300 1367 Lustravit
312 1328 433 1366 curnem:
444 1315 527 1383 fregit
536 1315 680 1384 impositus
691 1315 794 1377 trabes,

161 1385 312 1450 arcumque
323 1385 420 1450 poscit.
456 1385 574 1451 „Accipe
585 1383 655 1436 haec
662 1387 690 1447 ,“
700 1386 796 1452 iuquit,
808 1386 870 1447 „uo
909 1430 911 1437 Α

81 1453 151 1505 1666
162 1453 297 1515 Poeante,
309 1452 394 1518 dona3
405 1467 503 1504 munus
512 1450 623 1506 Alcidae
636 1453 717 1520 cape!

74 1548 83 1553 -
160 1522 219 1573 Has
230 1519 320 1587 hydra
328 1523 426 1585 sensit3
439 1520 481 1572 his
491 1525 582 1574 iacent
594 1520 807 1590 Stymphalides,

91 1629 92 1634 η
159 1593 197 1642 at
209 1590 337 1658 quidquid
348 1590 420 1641 aliud
430 1592 533 1643 eminus
542 1591 596 1642 rici
607 1590 716 1642 malum.
909 1592 912 1601 '

163 1659 272 1710 Virtute
283 1658 348 1710 felix
359 1661 477 1723 iuvenis,
488 1658 538 1712 has
550 1674 686 1728 nunquam
697 1662 790 1714 initas

162 1727 256 1779 Mittor
268 1729 295 1778 in
307 1727 426 1792 hostcm3
438 1730 495 1780 sire
507 1729 540 1780 de
551 1729 642 1783 media
653 1729 731 1782 voles

83 1795 151 1847 1665
163 1796 276 1848 Auferre
287 1797 410 1848 volucres
421 1798 505 1849 nube:
517 1797 770 1862 descendentem,

163 1867 200 1916 Et
212 1872 289 1917 certa
298 1865 415 1931 praedae
426 1866 482 1917 tela
493 1865 527 1918 de
540 1867 617 1919 coelo
628 1866 724 1919 fluent.

162 1934 221 1984 Nec
231 1933 308 1984 fallet
318 1935 589 2001 unquamdexteram
601 1932 645 1987 1116
658 1950 741 1988 arcus
753 1939 840 1986 tusas

163 2003 279 2052 labrare
290 2003 373 2053 telum
384 2003 492 2067 didicit,
503 2010 532 2056 et
542 2010 645 2056 certam
656 2003 724 2058 darc

162 2071 266 2137 Fugam
279 2073 384 2136 sagittis
392 2089 400 2134 3
409 2072 470 2138 ipsa
480 2087 534 2124 non
544 2071 642 2124 fallunt
649 2073 704 2124 iter

84 2136 152 2190 1666
162 2139 269 2189 Emissa
278 2154 361 2190 ncrr'o
373 2140 437 2192 tela.
472 2143 514 2192 ’16
523 2147 642 2204 tantum,
654 2157 766 2209 precor,

163 2207 346 2259 Adcommoda
357 2209 432 2276 ignca
446 2214 473 2260 ct
483 2209 572 2261 sacam
583 2215 736 2264 extremam
748 2209 826 2264 mihi!
837 2237 864 2250 -

163 2277 216 2329 Hic
227 2276 313 2326 nodus
320 2280 345 2338 ,“
357 2279 457 2344 inquit,
468 2278 561 2340 „nulla
572 2294 652 2346 quem
663 2282 757 2346 capiet
766 2295 866 2340 11161161,
913 2344 916 2349 Ι

162 2344 536 2412 Mecumperignesflagret.
571 2348 731 2399 Hoctelum
742 2350 879 2401 Herculem
912 2368 916 2399 1

164 2414 283 2462 'tantum
293 2419 431 2481 sequatur.
466 2416 529 2466 Hoc
540 2430 648 2484 quoque
659 2418 832 2484 acciperes,“
843 2416 880 2477 ait,

86 2478 152 2531 1666
165 2479 213 2542 „Si
225 2479 297 2531 ferro
308 2498 412 2547 posses.
446 2483 563 2535 adiuret
572 2485 674 2535 domini
685 2491 815 2539 rovumf‘

164 2551 238 2602 'l'um
248 2550 339 2620 rigida
347 2551 537 2615 secumspoiia
542 2551 672 2604 Nemeaei
683 2526 749 2607 mtfii

167 2625 275 2678 ,1161116
285 2623 390 2694 puscit.
420 2619 563 2676 baturt'm
569 2620 657 2682 666616
664 2633 753 2682 regua
764 2657 773 2669 .
