1860 2970
101 127 135 179 80
314 125 349 177 L.
366 122 523 217 dNNAEl
541 118 737 177 SENECAE

182 229 312 291 (lemare,
322 225 420 280 tellusi
429 240 485 281 non
495 225 532 279 ad
540 225 675 279 infernam
686 225 776 297 Styga

181 299 222 351 Te
232 312 335 366 nosque
345 298 459 364 mergis,
467 300 549 365 rupta
560 301 589 349 et
597 298 700 364 ingenti
710 299 756 349 via

102 367 220 421 1010Αά
232 366 316 419 chaos
326 367 406 419 inane
417 380 504 443 regna
513 380 578 439 curn
585 379 651 431 rege
662 364 783 433 abripiet

184 437 247 488 Non
257 441 318 487 tota
328 436 363 487 ab
374 436 430 486 inno
440 439 516 487 tecte
525 434 680 486 convellens
691 435 751 486 solo

183 505 277 561 Vertis
288 502 439 570 Mycenas?
459 501 540 556 Stare
551 504 625 555 circa
636 502 784 555 Tantalum

183 575 305 640 Uterque
314 575 370 623 iam
380 573 536 625 debuimus:
548 569 611 622 hinc
623 571 802 639 compagibus

184 640 429 704 statueremus,
440 642 464 693 si
474 641 538 707 quid
547 639 621 692 infra
631 640 751 692 Tartara
761 647 807 693 est

105 712 172 769 1015
184 713 308 777 rivosque
318 716 442 772 nostros,
452 706 507 761 huo
516 715 592 759 tuam
603 710 714 759 immani
724 710 786 763 sinu

183 780 304 833 Donutm
314 779 424 840 vallem,
435 792 539 844 nosque
550 778 675 829 defossos
685 782 750 847 tege
848 776 851 781 ’

185 846 339 901 Acheronte
349 846 423 899 toto!
435 848 534 898 noxiae
544 861 628 914 supra
638 852 722 915 eaput

183 916 295 969 Animae
305 920 439 984 vagentur
448 919 584 978 nostrum,
596 920 625 966 et
635 915 741 967 ardenti
750 913 824 970 freto

184 983 355 1054 Phlegethon
364 1000 462 1037 arenas
471 985 568 1052 igneus
577 989 651 1035 totas
662 999 747 1052 agens

62 1060 67 1067 '
106 1056 174 1108 1020
184 1056 365 1120 Exitiasupra
375 1060 470 1106 nostra
478 1051 694 1106 nolentusfluat.
775 1070 779 1075 ·
856 1071 860 1076 ·

183 1118 790 1192 Inmota,tellus,p0ndusignsvum,iacesl
862 1182 870 1190 ,

184 1192 291 1259 Fugere
302 1190 409 1257 Superi.
430 1193 544 1244 Arndt
554 1192 649 1256 accipe
658 1187 710 1241 hos
720 1191 813 1257 potius
821 1188 909 1244 libens

183 1260 240 1311 Diu
250 1260 398 1327 expetitos!
415 1260 496 1312 Nulla
504 1275 555 1327 per
564 1259 679 1312 fratrem
689 1264 731 1311 est
740 1273 833 1310 moras

183 1329 301 1389 Fruere,
313 1330 449 1394 osculare,
460 1329 549 1382 divide
560 1329 701 1396 amplexus
713 1326 814 1380 tn'busl

105 1397 173 1450 1025
186 1394 910 1466 ru.Hooioeduslhaecestgratiaihaesitatrisfidesi

166 1498 171 1505 ι
186 1464 231 1518 Sic
244 1466 307 1517 odia
317 1466 416 1531 ponisi
433 1467 495 1518 Non
505 1471 586 1532 peto,
597 1465 749 1517 incolumes
759 1471 841 1532 pater

186 1533 292 1588 Gnatus
302 1539 333 1584 ut
343 1532 472 1598 habeam3
484 1533 588 1585 scelere
599 1533 673 1600 quod
684 1532 759 1584 salvo
771 1533 833 1586 dari

187 1604 310 1671 Odioque
321 1603 422 1669 possit,
434 1601 520 1654 frater
530 1600 583 1652 boo
593 1600 709 1652 fratrem
718 1616 803 1668 rogo:

185 1670 307 1739 Sepelire
318 1673 408 1724 liceat.
427 1672 534 1734 Redde,
544 1670 618 1737 quod
630 1684 726 1722 cernas
737 1672 832 1726 statim

106 1738 174 1791 1030
185 1743 242 1793 Uri.
259 1740 331 1791 Nihil
342 1746 370 1792 te
380 1741 489 1809 genitor
498 1738 641 1791 habiturus
650 1754 736 1807 rogo,

186 1807 241 1860 Sed
250 1810 414 1876 perditurus.
432 1822 508 1861 sun.
521 1809 683 1876 Quidquide
692 1809 783 1876 gnatis
792 1811 849 1861 tuis

124 1918 131 1926 .
185 1875 324 1944 Superest,
335 1876 658 1945 habebis3quodquenon
668 1884 803 1943 uperest,
813 1876 900 1931 hstes

185 1958 262 1996 rur.
272 1947 404 1999 Utrumne
415 1950 503 1999 saeuis
513 1947 643 2016 pabulum
653 1946 763 1999 alitibus
771 1940 874 2010 iacent,

182 2014 222 2067 An
230 2014 326 2066 belluis
338 2016 497 2069 servantur-l
513 2032 548 2068 an
558 2021 676 2085 pascunt
684 2015 760 2068 ieras

104 2081 171 2133 1035
182 2083 315 2149 Epulatus
325 2085 385 2150 ipse
396 2101 424 2137 es
434 2087 519 2153 impia
528 2091 626 2154 gnatos
638 2084 717 2150 dape.

182 2164 260 2202 usar.
279 2151 342 2203 Hoc
353 2159 407 2218 est,
425 2155 491 2207 deos
502 2155 575 2222 quod
585 2153 692 2221 puduitl
704 2151 758 2205 hoc
769 2155 827 2221 egit
836 2151 905 2207 diem

184 2220 313 2273 Aversum
323 2223 350 2272 in
362 2223 451 2275 ortus!
470 2225 544 2286 Quas
555 2225 638 2274 miser
646 2236 729 2274 voces
740 2221 838 2288 dabo2

183 2289 355 2358 questusque
367 2291 451 2359 quosl
473 2307 542 2359 quae
552 2292 636 2343 verba
646 2291 784 2343 sufficient
792 2288 876 2344 mihis

181 2359 310 2410 Abscissa
320 2375 401 2412 cerno
415 2363 506 2428 capita
516 2366 544 2412 et
555 2361 661 2412 avulsas
671 2374 783 2423 manus,

86 2424 170 2477 *1010
180 2425 218 2475 Et
228 2433 308 2494 rupta
318 2428 414 2482 fractis
424 2430 547 2481 cruribus
556 2430 679 2496 vestigia.

181 2494 244 2544 Hoc
255 2501 311 2559 est,
322 2497 395 2564 quod
406 2497 500 2549 avidus
512 2512 610 2565 capere
621 2513 675 2548 non
686 2497 764 2563 potui
776 2502 866 2563 peter.
885 2532 889 2537 -
912 2538 916 2545 .

179 2562 332 2617 Volvuntur
341 2567 414 2617 intus
424 2567 542 2629 viscera,
555 2571 583 2616 et
594 2566 715 2617 clausum
726 2564 805 2619 nefas

180 2629 244 2683 Sine
256 2635 331 2685 exitu
338 2634 472 2699 luctatur,
482 2641 510 2688 et
522 2635 628 2702 quaerit
636 2633 739 2701 fugam
