1860 2970
96 165 132 216 44
280 161 314 214 L.
341 158 498 212 ANNAEI
525 156 715 228 SENECAE

175 265 283 318 Virtute
295 263 429 331 agendum
441 266 497 314 est:
507 261 654 313 Herculem
664 262 747 313 irasci
757 269 830 315 veta„

175 346 277 384 rasse.
288 331 316 383 Si
327 334 401 383 vive:
412 331 467 383 feci
476 330 594 393 seelera;
605 332 753 382 simorior=
763 333 823 384 tuli.

175 403 300 469 Purgare
309 397 403 453 terras·
408 414 540 467 propero:
552 399 787 451 iamdudummihi

135 539 150 592 8
177 471 332 524 Monstrum
341 470 454 537 impium
468 484 633 536 saevumque
648 472 677 520 et
685 470 792 523 immite
812 484 846 522 ac
861 469 896 522 fe·

99 541 168 593 120
632 551 693 587 rum

179 607 306 660 Oberrat.
322 605 455 675 Agedum,
476 605 587 669 dextre,
599 620 699 657 conare
711 605 825 674 adgredi

178 677 278 745 Ingens
289 691 372 744 opus,
386 675 482 727 labore
492 675 603 726 bisseno
614 672 742 742 amplius!
755 703 788 714 -

180 746 295 813 Ignara,
307 759 407 807 cessas,
418 744 497 795 fortis
506 745 535 794 in
546 758 647 810 pueros
663 742 747 794 medo

138 850 146 864 .
179 813 349 881 Pavidasque
361 811 480 864 matresi
490 813 573 863 Arma
582 813 634 864 nisi
645 812 744 864 dantur
753 811 834 876 mihi,

102 883 169 938 1285
179 884 232 934 Aut
243 896 323 934 omne
333 881 415 934 Pindi
424 879 540 933 Thracis
551 881 710 933 exscindam
719 897 830 945 neurus,

179 948 336 1019 Bacchique
345 950 477 1015 lucos,et
488 948 659 1003 Cithaeronis
669 951 736 1017 iuga
785 947 789 953 ”
827 950 838 991 3

179 1020 290 1072 Mecum
301 1019 442 1084 eremab03
454 1024 502 1070 aut
510 1024 572 1071 tota
582 1034 643 1070 cum
654 1017 780 1070 domibus
791 1021 849 1070 suis

180 1087 358 1154 Dominisque
368 1093 457 1150 tecta,
469 1103 531 1139 eum
541 1088 600 1139 deis
610 1087 713 1153 templa
722 1087 849 1139 omnibus

181 1155 327 1218 Thebana,
339 1170 422 1222 supra
431 1170 532 1224 cerpus
542 1157 675 1224 excipiam
685 1171 791 1221 meum,

104 1225 172 1281 129⁰
181 1227 269 1294 Atque
279 1223 348 1276 urbe
357 1239 437 1276 versa
447 1226 563 1290 conder3
575 1231 616 1288 et,
628 1225 651 1275 si
661 1223 780 1277 fortibus

180 1293 255 1346 Leve
265 1292 372 1360 pondus
382 1290 502 1346 humeris
512 1295 622 1345 moenia
635 1294 758 1346 immissa
770 1294 900 1355 incident,

184 1361 349 1430 septemque
361 1367 472 1429 opertus
483 1377 537 1414 nen
548 1363 614 1414 satis
624 1363 712 1428 pertis
722 1378 844 1429 premar:

181 1432 257 1484 Onus
269 1446 363 1494 omne,
372 1431 463 1482 media
473 1432 552 1499 parte
563 1431 637 1499 qued
646 1431 739 1482 mundi
750 1432 842 1495 sedet,

180 1501 291 1555 Dis-imit
309 1516 345 1552 ue
356 1498 490 1568 Superos,
500 1501 529 1550 in
538 1515 629 1551 meum
639 1505 744 1551 vertam
756 1500 852 1567 eaput!

102 1569 282 1624 1295surrr.
325 1569 395 1623 eddo
406 1583 491 1621 arma.
514 1582 617 1619 neae.
640 1569 898 1638 Vexestdignege·

459 1638 548 1690 nitore
559 1638 697 1690 Herculis.

180 1709 258 1772 Hoc,
269 1724 312 1773 en,
323 1713 462 1777 peremtus
473 1706 576 1774 spiculo
588 1707 687 1758 cecidit
696 1714 805 1773 puer..‘.

181 1791 283 1828 auru.
300 1779 364 1829 Hoc
374 1778 441 1828 luno
451 1777 535 1827 telum
545 1777 669 1827 menibus
681 1777 770 1827 emisit
780 1777 834 1828 tuis

181 1858 283 1898 aare.
301 1847 365 1898 Hoc
374 1859 446 1896 nunc
456 1859 508 1912 ego
518 1851 590 1896 utar.
608 1858 709 1895 auris.
726 1846 811 1909 Ecce,
823 1860 899 1914 quam

475 1912 610 1965 miserum
621 1920 696 1966 metu
861 1926 864 1931 ·

181 1984 236 2034 cor
245 1981 374 2049 palpitat,
387 1995 485 2048 corpus
505 1997 540 2033 ue
552 1983 696 2034 sollicitum
707 1980 785 2033 ferit!

103 2050 284 2103 fidenas-e.
305 2050 406 2117 Aptata
420 1998 526 2103 arundo
543 2058 594 2103 est.
619 2065 721 2102 suris.
742 2051 833 2116 Ecce,
847 2053 900 2103 iam

509 2118 596 2173 facies
607 2121 696 2172 scelus

180 2187 283 2242 velens
307 2187 461 2257 sciensque!
511 2202 614 2241 nanc.
634 2188 743 2292 Pezdez
762 2187 828 2256 quid
844 2187 901 2242 fieri

599 2258 692 2310 iubes.

180 2336 281 2378 amen.
299 2323 373 2378 Nihil
382 2340 525 2395 rogamus3
535 2331 629 2380 noster
638 2329 665 2378 in
677 2331 737 2378 tuto
748 2331 792 2379 est
801 2325 888 2378 dolor.

182 2393 301 2446 Gnatum
311 2401 390 2462 potes
402 2409 511 2447 servare
522 2400 553 2443 tu
564 2393 637 2445 solus
648 2391 728 2456 mihi,

180 2464 296 2531 Eripere
305 2479 357 2516 nee
366 2469 406 2515 tu.
423 2463 575 2515 Maximum
585 2462 660 2514 evasi
669 2467 782 2514 metum.

102 2531 170 2585 1305
180 2532 310 2585 Miserum
319 2530 393 2585 haud
403 2536 482 2599 potes
492 2545 536 2582 me
546 2529 772 2593 facere,ielicem
782 2538 871 2599 potes·
919 2585 922 2588 .

181 2599 227 2654 Sic
238 2606 343 2666 statue,
353 2600 481 2673 quidquid
491 2601 603 2664 statuis,
613 2606 644 2652 ut
656 2615 766 2652 causam
777 2607 854 2655 tuam

179 2671 346 2742 Famamque
356 2672 385 2724 in
394 2677 456 2724 arto
467 2675 542 2725 stare
552 2675 581 2723 et
590 2670 702 2739 ancipiti
711 2671 793 2724 scies.
