1860 2970
254 107 450 163 nemrot.
484 108 573 161 Ac'r.
591 109 629 161 11.
814 114 864 164 155

59 218 101 268 An
113 227 197 282 aeger
207 212 312 265 animus
320 210 391 264 falso
400 226 451 280 pro
459 211 533 264 reris
542 210 633 267 ridet!

58 285 147 340 Adest
156 284 258 353 petitus
270 281 395 335 omnibus
405 281 475 336 rotis
486 283 584 335 Creon.
814 283 863 333 205

207 594 384 662 ACTUS
426 594 720 663 SECUNDUS

263 764 669 827 omnisve,orsom.

119 866 229 910 Reum
237 863 332 920 Delphis
343 863 415 908 Creon
423 862 530 915 mortiet,
537 863 610 906 iubere
620 866 694 916 domn,
704 869 730 909 ut
740 878 800 910 mors
810 865 866 909 Laii

62 927 215 978 expurgetur,
223 934 264 964 neo
269 921 336 977 prius
346 927 487 964 cessaturam
493 925 590 972 peston,
601 932 669 975 quum
678 919 800 964 inexilium
808 921 861 964 irrit-

62 985 130 1024 tatur
138 975 274 1033 interfector
283 976 342 1025 siun
354 978 445 1033 dequo,
455 973 509 1033 quia
519 985 564 1016 non
573 975 718 1028 nominatur,
729 978 861 1032 ambigitur.

64 1115 143 1153 oro.
161 1067 301 1153 Horrore
311 1097 431 1167 quatior,
447 1094 506 1149 fata
516 1101 814 1167 pereffluimus,

62 1171 266 1238 Trepidumque
276 1171 384 1237 gemino
395 1172 492 1235 peetus
502 1167 615 1221 adflicto
623 1167 706 1227 labat.

61 1241 115 1292 Ubi
125 1240 198 1290 loeta
207 1239 281 1288 duris
292 1239 377 1287 mixto
386 1239 414 1285 in
424 1237 552 1301 ambiguo
562 1238 666 1288 iacente

60 1310 186 1361 Incertus
197 1307 301 1356 anisius
311 1305 381 1357 scire
392 1319 452 1354 cum
464 1305 558 1369 cupiat
567 1339 575 1367 ‚
584 1306 673 1357 timet.
776 1337 779 1344 ·

64 1377 201 1429 Germane
210 1378 320 1426 nostrae
332 1373 467 1439 coniugis,
478 1371 556 1424 fessis
568 1387 649 1440 opem
813 1378 863 1426 210

64 1445 93 1499 Si
105 1459 187 1514 quam
196 1448 334 1512 reportas,
345 1455 413 1493 voce
424 1446 572 1508 properata
583 1441 678 1494 edoeo.
781 1451 784 1457 ·

65 1529 115 1567 cn.
126 1514 266 1580 Responsa
276 1512 359 1563 dubio
368 1516 442 1562 sorte
454 1511 583 1576 perplexo
592 1510 688 1561 latent.

64 1600 81 1635 o
88 1598 106 1634 ro
113 1597 143 1633 o.
158 1581 276 1632 Dubiam
287 1580 403 1632 salutem
414 1580 459 1645 qui
469 1578 516 1628 dat
527 1577 656 1642 adflictis,
667 1585 757 1648 neget.

65 1667 117 1704 cro.
127 1651 247 1717 Amhage
258 1650 329 1701 flexa
340 1646 474 1714 Delphico
484 1662 544 1698 mos
555 1653 598 1698 est
607 1646 660 1699 deo

63 1723 171 1775 Arcana
179 1723 281 1785 tegere.
304 1730 344 1768 oro
354 1730 384 1768 o.
395 1717 465 1767 Fare
476 1751 484 1778 ,
495 1717 531 1766 sit
541 1715 652 1768 dubium
659 1716 747 1781 lieris
814 1718 864 1769 215

62 1789 200 1855 Ambigua
207 1786 257 1837 soli
267 1799 381 1836 noscere
393 1784 550 1850 Oedipodae
561 1783 648 1838 datur.
730 1784 734 1791 ’

65 1871 115 1910 cn.
126 1854 243 1908 Caedem
249 1855 353 1922 expiari
360 1854 466 1921 regiam
477 1853 558 1906 exilio
569 1855 645 1919 deus,

62 1927 100 1979 Et
108 1927 283 1977 interemtum
293 1923 391 1974 Laium
401 1922 495 1974 ulcisci
504 1921 590 1976 iubet.

62 1994 125 2046 Non
137 1999 200 2046 ante
212 1992 289 2044 coelo
300 1991 405 2043 lucidus
416 1997 508 2043 curret
518 1991 591 2056 dies,

62 2063 239 2129 Haustusque
250 2064 325 2112 tutos
338 2058 454 2115 aetheris
464 2062 525 2127 puri
535 2061 618 2113 dabit.
815 2066 864 2113 220

65 2145 142 2182 oro.
153 2131 190 2182 Et
201 2129 259 2198 quis
269 2131 502 2197 peremtorinoliti
511 2132 583 2199 regis
594 2130 664 2183 iuitt

66 2200 153 2262 Quem
163 2203 310 2263 memoret,
321 2198 372 2250 edo
378 2198 520 2262 ,Phoebus
527 2216 533 2249 ε
540 2205 570 2250 ut
580 2214 683 2268 poenos
691 2198 757 2251 luat.

66 2282 119 2320 oro
135 2267 191 2332 Sit,
201 2280 314 2335 precor,
325 2267 425 2321 dixisse
436 2273 525 2320 tutum
533 2270 593 2318 risu
604 2272 632 2319 et
642 2267 736 2321 auditu
743 2266 803 2318 hor-

530 2336 599 2389 ride.

65 2406 176 2473 Torpor
185 2404 284 2458 insedit
295 2419 345 2471 per
353 2410 442 2468 ortus,
452 2405 566 2474 frigidus
576 2405 686 2471 sanguis
697 2405 761 2455 ooit.

65 2476 102 2527 L't
111 2481 222 2527 saerata
231 2475 334 2542 templa
343 2473 449 2527 Phoebi
460 2476 575 2542 supplici
584 2475 682 2525 introii
693 2472 773 2538 pede,
814 2472 863 2523 225

64 2544 100 2595 Et
111 2545 190 2610 pias,
201 2559 299 2596 numen
309 2551 451 2612 precatus,
462 2546 513 2595 rite
523 2542 636 2594 submisi
646 2556 754 2592 monus:
850 2576 865 2601 „‚

66 2610 814 2670 GeminaParnessinirolisarxtruoomfremitumdedit,
