1860 2970
274 146 465 201 oc'rnvm.
483 149 562 200 acT.
572 148 593 201 1.
783 151 832 199 3151

33 251 153 305 Caedem
163 253 191 303 in
202 247 355 302 nefandam.
366 246 472 301 Cecidit
480 246 573 299 infelix
582 262 681 315 parens
782 249 832 301 265

31 319 109 372 Heu!
122 317 312 378 nostratem,
325 331 422 385 meque
431 321 563 385 perpetuo
575 317 666 371 obruit

32 387 257 441 Extinctaluotu
278 386 424 453 coniugem
435 386 518 436 traxit
527 400 607 436 suum

33 457 188 523 Natumque
198 453 233 504 ad
243 454 366 518 umbras;
377 452 495 521 prodidit
504 453 609 521 lapsam
619 450 737 507 domun.

33 539 78 576 su
85 539 103 574 r
110 539 136 574 a.
148 524 289 574 Renovare
299 522 388 575 luctus
398 537 479 589 parce
491 537 553 573 oum
563 519 632 575 fletu
642 522 712 589 pios,

31 595 129 646 Manes
142 591 262 657 parentis
272 605 341 642 neve
350 590 465 643 sollicita
476 596 549 652 tuae,
782 594 832 642 nto

34 661 141 714 Graves
159 659 258 712 furoris
270 658 392 726 quaesui
399 673 505 727 poenas
514 657 598 712 dedit.

346 776 545 853 cuorus'

60 935 185 992 Poppaeae
193 938 285 991 neptim
292 940 416 981 detestatur
423 936 508 980 crona
515 936 719 996 Octaviaefavm.
730 939 831 995 Degene-

31 1006 95 1043 rem,
110 994 197 1035 lentum
205 993 411 1037 nimiretreroilem
425 992 587 1039 Romanorum
596 993 831 1051 ‹srgrsitpatiendam¹

31 1054 55 1092 et
63 1048 90 1091 tn
98 1047 283 1091 sceleraNerom's
292 1048 413 1091 invehitur.

33 1137 112 1199 Quae
124 1135 197 1188 fama
206 1138 287 1189 modo
298 1139 373 1188 venit
383 1136 417 1188 ad
428 1153 516 1203 aures,

33 1206 143 1256 Utinam
154 1205 221 1257 salso
234 1207 336 1258 credita
345 1207 443 1274 perdat

33 1274 149 1325 Frustra
159 1277 241 1327 toties
250 1277 353 1326 iactata
363 1276 454 1338 tidem,

30 1341 90 1394 Nec
101 1357 171 1392 nova
181 1344 267 1394 nostri
279 1345 378 1395 coniux
388 1344 521 1395 thalamos

29 1411 164 1476 Principis
174 1412 271 1472 intret,
283 1416 428 1478 teneatque
439 1427 503 1462 suos

30 1478 126 1545 Nupta
136 1485 248 1544 penates
260 1478 372 1528 Claudia
381 1477 485 1544 proles!

32 1548 107 1600 Edat
116 1553 195 1614 partu
206 1548 320 1613 pignora
330 1547 414 1612 pacis,

33 1617 97 1678 Qua
106 1616 264 1683 tranquillus
274 1613 392 1682 gaudeat
403 1613 486 1674 orbis,

33 1684 184 1751 servetque
195 1684 278 1735 decus
289 1684 376 1734 Roma
386 1680 540 1734 aeternum!

31 1755 137 1806 Fratris
147 1751 282 1804 thalamos
292 1753 391 1803 sortita
400 1755 476 1803 tenet

30 1823 155 1874 Maxima
163 1821 245 1885 Iun03

32 1889 120 1943 Soror
130 1890 242 1957 Augusti
252 1889 357 1940 sociata
366 1886 434 1939 toris

32 1959 89 2011 Cur
99 1973 116 2008 a
125 1960 213 2024 patria
224 1958 332 2024 pellitur
342 1953 420 2007 aulai

32 2024 137 2079 Sancta
147 2026 210 2093 quid
220 2027 256 2077 ilii
268 2024 381 2091 prodest
391 2025 487 2092 pietas,

31 2095 172 2163 Divusque
183 2101 261 2161 pater
271 2094 283 2143 i

10 2170 15 2177 '
32 2164 107 2225 Quid
118 2164 256 2230 virginitas
267 2167 410 2230 castusque
420 2158 525 2229 pudort

32 2232 93 2286 Nos
105 2245 210 2299 quoque
222 2233 309 2282 nostri
319 2247 411 2283 sumus
421 2233 594 2283 immemores

32 2300 104 2354 Post
114 2300 173 2351 fata
183 2301 272 2363 ducis,
284 2301 360 2350 ouius
370 2302 483 2366 stirpem

33 2368 192 2432 Prodimus,
205 2370 264 2420 aevi
274 2367 405 2418 suadente
416 2371 498 2416 metu.

33 2439 110 2491 Vera
119 2439 240 2505 priorum
250 2437 335 2487 virtus
345 2434 481 2502 quondam

33 2508 158 2562 Romana
167 2506 233 2567 fuit,
242 2519 388 2571 rerumque
399 2516 484 2571 genus

33 2578 133 2630 Martis
142 2578 170 2626 in
181 2575 234 2625 illis
245 2574 407 2639 sanguisque
418 2571 489 2622 viris.
501 2583 503 2587 ’

29 2647 75 2700 1111·
83 2641 226 2713 segestrae
237 2642 402 2712 expulerunt
