1860 2970
147 191 150 224 i
260 128 306 255 a
339 122 497 223 ruusar
526 165 717 224 sarreia

158 273 270 327 Nodosa
279 275 361 326 sortis
371 273 455 326 verba
465 279 494 326 et
502 273 635 340 implexos
646 273 725 326 doles

157 345 195 396 Ae
206 345 283 396 triste
295 357 404 395 cannen
414 343 484 395 alitis
495 342 562 394 seiri
571 341 656 394 ferae.

157 425 224 464 ree.
243 411 314 474 Quid
324 426 387 464 sera
395 413 491 463 mertis
501 415 568 462 vata
576 426 648 462 nune
658 410 770 467 demens
779 409 864 466 facist

155 481 248 533 Licuit
257 481 355 548 perire.
389 479 492 531 Laudis
502 476 556 531 hee
566 480 683 545 pretium
691 480 742 532 tibi

116 549 147 602 05
159 548 317 618 sceptrum,
328 554 357 601 et
366 552 507 616 peremtae
517 544 643 666 Sphingis
654 546 724 615 haee
734 564 841 604 mercer

620 631 637 667 a
682 653 690 667 .

158 697 236 736 orn.
253 683 315 747 Ille,
325 682 384 747 iile,
395 682 469 735 dirus
481 682 570 735 callidi
578 685 694 736 monstri
705 685 774 737 einis

156 754 187 805 In
198 768 248 806 nes
258 752 386 816 rebellat3
395 752 442 803 illa
451 766 524 803 nune
534 751 644 804 Thebas
654 752 714 805 lues

157 820 394 888 Peremtaperdit.
427 821 488 872 Una
498 822 553 871 iam
563 828 688 888 superest
698 821 782 884 salus,

160 888 189 942 Si
201 905 281 958 quam
291 889 386 942 salutis
396 886 525 943 Phoebus
537 889 657 943 ostendit
665 891 747 944 riam.

415 1041 471 1090 GH
476 1043 496 1090 0
504 1045 529 1091 10
538 1044 563 1091 U
569 1045 597 1091 S·

156 1139 211 1184 Lais
219 1141 363 1197 gravitatem
372 1141 480 1197 deplorat
491 1139 575 1186 Girumu
585 1156 597 1186 s
608 1141 730 1188 Thebana.

100 1232 151 1284 110
164 1230 272 1282 Occidis
283 1230 377 1282 Cadmi
386 1246 522 1298 generosa
530 1231 622 1300 proles

160 1300 233 1352 Urbe
245 1314 307 1350 cum
317 1298 390 1351 total
411 1301 507 1353 viduas
519 1301 621 1353 colonis

160 1368 283 1436 Respicis
293 1374 394 1432 terras,
406 1370 561 1421 miseranda
571 1369 679 1424 Thebai

160 1439 287 1505 Carpitur
296 1437 352 1489 leto
363 1444 427 1489 trrus
435 1438 494 1502 ille,
505 1437 623 1502 Bacche,

159 1507 253 1570 Miles,
264 1512 402 1560 extremos
413 1521 505 1558 eomes
516 1523 601 1576 usque
610 1509 646 1561 ad
654 1507 746 1562 ludos.

98 1575 150 1629 115
161 1577 248 1628 Ausus
258 1577 325 1628 Eois
335 1577 458 1643 equitare
469 1578 582 1643 eampis,

157 1646 256 1713 Figere
267 1651 294 1697 et
305 1644 405 1696 mundo
415 1649 465 1695 tua
474 1647 552 1710 signa
561 1645 656 1710 prima.

158 1714 279 1767 cinnami
291 1714 365 1765 silvis
374 1713 476 1764 Arabes
486 1713 583 1763 beatos

156 1782 247 1845 vidit,
258 1787 287 1834 et
295 1796 389 1834 versas
400 1782 498 1848 equitis
508 1783 642 1848 sagittas.

156 1851 250 1918 Terga
259 1849 365 1902 fallacis
374 1850 521 1901 metuenda
530 1849 639 1914 Parthi3

95 1921 147 1972 120
158 1918 250 1970 Littus
260 1920 372 1970 intrarit
382 1919 472 1986 pelagi
482 1918 614 1971 rubentis.

156 1987 263 2039 Premit
272 1986 316 2038 hie
328 1993 404 2038 ortus
415 1988 557 2054 aperitque
567 1989 656 2040 lucem

155 2054 297 2118 Phoebus,
307 2061 336 2105 et
345 2053 455 2107 flamma
463 2057 592 2123 propiore
604 2057 691 2109 nudos

154 2123 346 2175 Inficitlndos.

157 2191 255 2258 Stirpis
265 2193 383 2245 invictae
393 2207 478 2261 genus
487 2190 637 2248 interimus.

96 2260 147 2312 125
157 2261 289 2312 Labimur
298 2276 381 2313 saera
391 2263 515 2328 rapiente
526 2261 594 2314 fato.
647 2262 653 2273 '

155 2329 273 2380 Ducitur
283 2344 390 2395 semper
398 2345 470 2381 nora
480 2346 580 2396 pompa
589 2331 687 2392 Marti;

155 2398 269 2463 Longus
281 2397 315 2448 ad
326 2413 419 2450 manes
429 2406 593 2465 properatur
604 2399 672 2450 ordo
729 2444 733 2449 .

156 2467 274 2533 Agminis
284 2469 396 2531 moesti;
408 2469 545 2534 seriesque
556 2468 641 2518 tristis

156 2535 274 2596 Haeret,
285 2539 315 2586 et
323 2535 421 2586 turbae
431 2535 550 2586 tumulos
560 2537 662 2602 petenti

95 2599 147 2652 130
157 2601 219 2653 Non
230 2604 296 2654 satis
307 2608 411 2670 septem
423 2609 535 2670 patuere
547 2610 650 2668 partae.

157 2667 219 2723 Stat
227 2672 318 2740 gravis
328 2679 447 2742 strages,
458 2675 642 2742 premiturque
654 2672 748 2724 iuncto
