1860 2970
147 182 376 240 HERCULES
404 184 578 240 FURENS.
604 190 762 243 uculv.
833 193 866 246 31

131 348 136 355 ’
204 364 371 419 cuorus
405 356 730 422 susurronum·

120 472 195 522 Deos,
213 469 290 514 sidera
303 475 327 513 et
344 470 468 523 elementa,
489 485 547 530 quae
564 473 702 529 lymphatis,
722 475 829 518 lunaticis
843 484 866 519 et

64 536 137 598 meato
142 526 223 593 captis
235 525 427 624 ιζοηὲἱιαπίισὼἰπ
437 528 533 608 hemon,
559 529 783 575 commiserationem
792 538 815 573 et
824 547 864 573 ors·

63 583 275 696 ἴὲιίιιῖηῗτῖέῗαῗ,
295 588 613 703 νῖῖαυίυζῖἕξῖιεὲᾚ,
622 582 865 686 ἓξπιζΐΐοῗτῗῗ

62 702 163 746 commu
177 705 263 751 pueros
273 694 363 749 dommac
373 704 449 736 caesos
457 694 534 753 deflet.

63 769 106 821 Lu
127 764 580 835 eataether,magnusqueparens

62 784 188 890 Aetlueris
199 836 258 896 alti,
270 835 402 902 tellusque
413 835 505 900 ferax,
796 841 863 891 1055

62 909 99 959 Et
108 919 181 973 vage
190 905 267 971 ponti
277 903 383 956 mobilis
392 904 465 957 unda

63 977 162 1044 Tuque
173 979 236 1025 ante
248 988 354 1035 omnes,
366 974 413 1040 qui
421 989 471 1040 per
481 979 572 1028 terras

62 1047 237 1110 Tractusque
247 1043 329 1094 maris
339 1042 429 1092 fundis
439 1043 546 1107 radios,

61 1113 234 1179 Noctemque
245 1109 324 1230 tuqus
335 1125 384 1162 ore
394 1109 509 1174 decoro,

61 1181 178 1235 Fervide
190 1181 272 1231 'litun
298 1181 395 1230 Obitus
405 1181 508 1245 pariter

61 1254 168 1303 Tecum
179 1248 285 1300 Alcides
294 1249 362 1299 vidit
372 1254 401 1299 et
412 1254 502 1312 ortus,

61 1320 199 1387 Novitque
210 1323 272 1388 tuas
281 1323 411 1385 utrasque
423 1318 526 1371 domos.

61 1389 166 1440 Solvite
177 1388 260 1438 tantis
270 1388 388 1437 animum
397 1390 539 1450 monstris,

61 1458 180 1519 Solvite,
191 1454 300 1522 Superi!
313 1460 418 1506 rectam
427 1457 456 1506 in
466 1458 561 1509 melius

60 1527 178 1579 Flectite
188 1523 319 1576 mentem!
329 1530 427 1592 tuque,
439 1541 454 1578 o
466 1526 586 1580 domitor

61 1596 162 1648 Somne
172 1594 318 1657 malorum,
329 1595 437 1661 requies
448 1596 551 1659 animi,

59 1665 126 1717 Pars
136 1662 272 1715 humanae
283 1663 378 1714 melior
387 1664 475 1726 ritae,

60 1734 195 1795 volucer,
204 1732 299 1782 matris
311 1747 396 1799 genus
407 1733 552 1794 Astraeae,

60 1804 159 1855 Frater
169 1801 254 1852 durae
264 1799 390 1868 languide
403 1801 518 1864 Mortis,

60 1872 140 1924 Veris
151 1871 269 1922 miscens
279 1869 361 1932 falsa,
372 1868 458 1920 futuri

60 1943 157 1994 Certus
168 1944 198 1991 et
207 1939 278 1990 idem
289 1940 422 2005 pessimus
434 1943 544 2002 auctor,

59 2009 143 2062 Pater
154 2023 171 2060 o
184 2022 287 2071 rerum,
297 2013 394 2074 portus
403 2009 490 2071 vitae,

59 2078 143 2130 Lucis
154 2078 277 2144 requies,
287 2079 431 2144 noctisque
443 2093 549 2139 comes,

58 2149 111 2208 Qui
122 2161 174 2213 par
183 2146 244 2212 regi
253 2144 408 2213 famuloque
419 2148 507 2198 venis:

58 2215 186 2266 Placidus
196 2213 299 2265 fessum
308 2215 430 2282 lenisque
440 2214 503 2267 iore

58 2283 190 2335 Pavidum
200 2283 248 2335 leti
259 2298 344 2351 genus
354 2281 501 2335 humanum

59 2353 139 2421 Cogis
151 2352 263 2420 longam
275 2351 380 2404 discere
390 2359 520 2405 mortems

57 2420 158 2474 Preme
169 2421 307 2472 devictum
318 2427 430 2488 torpore
440 2423 529 2488 gravi.

58 2487 148 2558 Sopor
157 2489 306 2542 indomitos
318 2490 419 2558 adliget
429 2496 518 2556 artus3

58 2558 114 2612 Nec
125 2565 209 2611 torva
219 2560 295 2626 prius
306 2565 420 2626 pectora
429 2560 546 2627 linquat,

58 2629 145 2692 Quam
155 2643 233 2681 mens
245 2633 354 2695 repetat
364 2629 478 2695 pristina
489 2643 604 2682 cursum.

58 2697 195 2764 En,fusus
204 2694 280 2750 husui
290 2711 373 2750 saera
382 2695 469 2751 feroci
