1860 2970
305 164 511 223 TROADES.
544 169 633 226 ACT.
653 173 673 226 1.

57 268 161 335 Accipe
171 264 265 330 iletus,
275 262 408 337 bis'capte
418 272 514 325 senex!

57 338 105 389 Nil
115 339 202 388 Trois
212 338 297 390 semel
306 343 334 391 te
344 353 410 408 rege
420 341 495 393 tulii:

57 407 106 459 Bis
117 406 227 472 pulsate

56 474 191 526 Dardana
202 473 286 526 Graio
296 477 406 529 moenia
415 474 498 540 ferro,

58 545 161 612 Bisque
171 540 316 611 pharetras
327 559 409 611 passa
416 545 578 602 Herculeus.

58 613 130 665 Post
140 611 230 664 elatos
238 613 373 668 Hecubae
384 620 490 684 pus-tus,

59 683 218 750 Regumque
228 695 349 750 gregem,
368 718 371 723 -

58 750 511 820 Postremapateriunerscludis3

58 819 288 888 Magnoquelovi
298 821 518 874 vietimacaesus

61 887 145 956 Sigea
154 889 255 955 premis
264 888 360 940 littora
369 896 490 943 truncus.

61 970 141 1008 nuc.
158 957 218 1008 Alio
228 956 355 1009 lacrimas
365 957 469 1010 flectite
479 965 597 1014 vestras:

61 1026 126 1078 Non
135 1030 178 1076 est
188 1024 291 1077 Priami
299 1026 454 1080 miseranda
462 1029 516 1080 mei

60 1091 271 1157 Mors‚11iades.

61 1198 80 1229 „
90 1160 169 1215 Felix
179 1162 304 1215 Priamus
310 1165 339 1227 ‚“
350 1163 433 1217 (licite
443 1171 572 1220 cunctae:

61 1233 150 1284 Liber
160 1233 257 1284 Manes
267 1232 343 1284 vadit
354 1232 389 1284 ad
399 1234 478 1297 imos,

61 1301 122 1354 Nec
133 1300 206 1353 ieret
216 1316 337 1370 unquam
346 1303 420 1357 victe
430 1303 544 1357 Graium

62 1371 176 1423 Cervice
187 1371 289 1438 iugum.

60 1439 125 1492 Non
134 1439 179 1491 ille
190 1439 259 1492 duos
268 1436 343 1491 videt
351 1439 469 1506 Atridas,

60 1506 252 1560 Necfsllaeem
265 1509 352 1560 eemit
361 1508 498 1576 Ulyssem.

59 1577 138 1640 Non,
149 1576 266 1645 Argolici
276 1576 380 1645 praeda
389 1576 529 1646 tm‘umphi‚
602 1636 610 1652 x
624 1583 627 1588 '

59 1645 496 1714 Subieeiaieretcollatropaeis.
689 1676 704 1721 i
767 1648 773 1661 ¹

57 1715 121 1768 Non
132 1715 261 1769 adsuetas
271 1715 307 1766 ed
317 1720 428 1783 sceptra
437 1729 534 1768 manus
595 1734 605 1742 ‘

57 1785 128 1838 Post
137 1790 218 1852 terge
228 1784 317 1848 dubit3
329 1798 479 1853 currusque
489 1799 605 1854 sequens

57 1854 295 1922 Agamemnonios,

58 1923 147 1975 Aurea
157 1920 371 1974 dextru'vlncula
380 1925 501 1988 gestans,

55 1991 153 2043 Laetis
163 1992 213 2044 flet
222 2005 322 2058 pompa
330 1990 463 2057 Mycenis.
520 1988 527 2005 “

43 2073 162 2119 „suom
178 2059 258 2111 Felix
267 2059 406 2123 Putemus,
417 2060 530 2112 dicimus
538 2062 645 2118 omnes:

41 2126 44 2133 '
57 2128 157 2181 Secum
169 2127 304 2182 excedens
315 2143 365 2180 sua
373 2143 460 2196 regma
468 2130 544 2196 tulit3

55 2197 137 2249 Nunc
146 2198 236 2264 Elysii
245 2199 364 2250 nemoris
373 2199 441 2251 tutis

55 2268 141 2319 Errat
151 2267 180 2318 in
190 2267 301 2329 umbris,

53 2336 186 2403 Interque
196 2336 256 2404 pias
266 2334 331 2389 felix
343 2337 447 2389 animas

51 2405 182 2457 Hectora
191 2405 306 2472 quaerit.
333 2404 411 2458 Felix
421 2405 558 2471 Priamus!

51 2473 149 2536 Felix,
160 2474 281 2543 quisquis
289 2473 362 2526 bello
372 2476 492 2528 moilens

53 2543 157 2596 Omnis
166 2558 260 2597 seeum
271 2549 414 2597 consumta
422 2543 509 2597 videti
