1860 2970
89 149 141 202 311
268 140 303 195 L.
337 137 499 194 auriam
516 134 712 191 SENECAE

88 249 156 303 1070
169 245 222 300 Sed
235 244 343 315 quando
353 242 445 297 soluat
462 242 581 297 Mundus
590 243 737 310 impositus
747 249 806 296 tuas

168 319 331 383 compescet
340 314 464 376 umbras,
475 319 558 380 teque
569 313 723 365 Tartareus
735 316 806 364 canis

167 383 293 437 lahlbere
304 381 423 450 poteritl
441 381 557 446 Quando
569 383 731 434 Taenareaa
741 381 811 433 foras

169 453 307 515 Palantia,
319 456 368 503 aut
378 465 444 519 quas
454 457 544 502 mater
554 449 592 502 ad·
600 448 698 503 lauces
708 465 784 518 agar,

169 523 230 585 Qua
240 534 314 571 mors
323 519 431 571 adituri
441 548 474 558 -
484 519 570 573 Vadis
582 519 739 581 adltlanes,
750 520 802 569 iter

88 589 157 643 aru
168 590 319 641 Habitrrrus
330 603 422 641 unum.
440 588 512 652 Quld
523 588 594 639 diem
605 584 793 653 questutcrol

55 670 61 689 ¹
172 657 243 722 Quid
253 658 354 723 misera
364 657 445 708 duras
454 655 529 707 vitat
546 655 611 721 quid
619 655 711 706 lucem
721 652 793 706 hanc
802 651 874 706 nnat

170 729 258 788 Quem
269 732 366 792 parare
377 740 471 778 rursus
482 722 630 774 Herculem
639 733 753 790 possum
764 722 829 775 lcril

171 796 456 860 Quimamparcntsm
466 795 565 859 gnatus
574 791 722 844 Alcmenen
732 807 808 845 suam
905 802 909 839 ι

169 865 276 915 'l'antus
286 859 413 913 vocabit?
431 860 543 911 Onimis
553 859 632 923 felix,
643 861 735 926 nimis,

90 931 160 984 1080
170 932 302 985 'l'hebane
312 930 424 993 coniux,
436 928 547 993 Tartari
556 929 663 995 intrasti
673 929 740 982 loca

170 1002 300 1054 Florente
311 1004 391 1064 nat03
402 1003 484 1065 teque
494 998 648 1049 venientem
657 997 745 1051 Inferi

172 1072 302 1130 Timuare
312 1068 419 1132 forsan,
430 1065 504 1136 quod
514 1071 593 1133 pater
602 1071 710 1119 tantum
720 1068 842 1121 Herculis

170 1139 223 1193 Vel
233 1137 318 1189 falsus
329 1137 435 1189 aderas.
461 1137 546 1199 uuas
556 1140 650 1202 petam
660 1141 835 1200 terrassiam,
913 1196 916 1203 ‚

169 1206 261 1258 Invisa
271 1207 359 1258 saevis
370 1205 528 1274 regibus‚si
538 1207 598 1272 quis
606 1210 699 1258 tamen
915 1268 918 1275 μ

91 1273 161 1327 1185
171 1276 230 1328 Rex
242 1279 285 1326 est
293 1274 404 1326 relictus
415 1272 530 1327 saevust
547 1272 601 1326 Hei
611 1275 729 1327 miserae
740 1273 817 1327 milri!

172 1344 331 1410 Quicunque
343 1358 439 1395 caesos
449 1345 589 1413 ingemunt
599 1345 675 1412 gnati
685 1350 789 1412 patres,

173 1415 195 1465 A
212 1427 255 1464 me
266 1417 361 1478 petent
373 1413 518 1479 supplicia3
529 1427 573 1464 me
584 1414 677 1464 cuncti
687 1414 811 1466 obruent

146 1482 148 1488 '
174 1481 204 1534 Si
215 1483 274 1549 quis
284 1483 373 1533 minor
382 1483 500 1544 Busiris,
511 1488 558 1532 aut
569 1483 592 1532 si
604 1483 663 1549 quis
675 1485 766 1535 minor

172 1552 292 1611 Antaeus
300 1551 382 1602 urbes
392 1548 514 1602 fervidae
524 1556 611 1602 terret
621 1550 728 1619 plagae:

92 1618 163 1671 1700
173 1620 234 1684 Ego
245 1620 348 1685 praeda
360 1619 452 1670 ducar.
472 1617 500 1670 Si
512 1621 570 1687 quis
582 1620 712 1672 Ismarius
723 1636 822 1690 greges

174 1687 291 1739 Thracis
303 1690 407 1740 cruenti
417 1689 550 1740 vindicat:
562 1696 788 1759 carpent-greges

170 1755 237 1808 Mea
246 1758 368 1808 mambra
378 1756 437 1809 dri.
453 1758 582 1812 Forsitan
591 1773 695 1826 poenas
706 1766 785 1826 prtet

171 1825 248 1876 lrata
258 1826 339 1877 luno:
350 1831 426 1878 totus
437 1832 532 1879 uretur
543 1827 629 1878 dolor.

168 1893 272 1945 Secura
281 1895 354 1945 victo
365 1896 475 1947 tandem
487 1896 520 1946 ab
530 1896 623 1947 Alcide
636 1903 733 1962 vacat3

92 1961 162 2014 1705
174 1962 269 2013 l’ellcx
279 1977 437 2028 supersum,
448 1964 581 2030 supplicia
592 1965 625 2016 de
636 1980 691 2032 qua
701 1967 805 2034 exigat.

172 2030 214 2081 Ne
225 2044 321 2096 parere
333 2047 456 2097 possem,
468 2033 534 2084 fecit
544 2031 588 2083 hic
600 2039 681 2085 natus
691 2033 760 2086 mihi
922 2034 925 2041 '

172 2098 285 2150 Uterum
295 2100 453 2152 timendum.
474 2103 550 2164 Quae
561 2107 653 2168 petam
663 2103 794 2156 Alcmene
803 2102 871 2156 local
923 2080 928 2143 Ῑ

170 2169 238 2230 Quis
248 2182 291 2218 me
301 2167 392 2231 locus,
404 2185 473 2237 quae
484 2171 574 2238 regio,
586 2186 656 2238 quae
667 2173 762 2224 mundi
773 2174 854 2244 plaga

172 2236 323 2301 Defendet,
331 2240 383 2289 a'ut
392 2254 459 2305 quas
469 2245 558 2291 mater
566 2241 595 2290 in
604 2240 728 2293 latebras
739 2258 809 2310 agar

92 2303 161 2355 1800
173 2305 277 2372 Ubique
289 2320 338 2371 per
348 2311 376 2357 te
387 2307 470 2357 notat
490 2307 520 2358 Si
530 2309 646 2374 patriam
657 2315 752 2375 petam

83 2422 97 2445 ,ι
173 2373 314 2440 Laresque
325 2376 449 2426 miseros:
467 2377 554 2442 Argos
565 2375 739 2442 Eurystheus
749 2387 836 2433 tcnct.

99 2444 116 2471 '⁸-
174 2443 276 2493 lllaritu
287 2440 396 2494 'l'hebes
407 2458 492 2510 regna
502 2450 530 2495 et
540 2446 665 2496 lsmencn
677 2454 781 2513 petam,

94 2502 99 2511 ’
174 2509 377 2578 Thalanrcsque
388 2519 507 2574 nastros,
516 2515 544 2563 in
555 2514 651 2578 quibus
662 2519 802 2583 quondam
814 2519 895 2571 larem

176 2581 242 2636 Dile
245 2587 293 2636 cta
299 2581 374 2644 filli,
383 2579 457 2646 pinli
462 2582 545 2629 ululae
551 2580 621 2626 ielis
626 2615 635 2638 ‚
640 2585 732 2639 muniis,

39 2518 68 2744 '
85 2653 163 2715 1805
177 2654 208 2713 si
219 2653 427 2710 fulminantem
435 2644 816 2720 ctipaaaeua'xssemxunem't.
