1860 2970
90 130 124 180 92
272 125 305 178 L.
332 124 489 179 ANNAEI
517 123 707 178 SENECAE

90 232 141 282 240
151 229 295 282 Lacrimae
304 232 477 296 supererant3
487 225 537 279 has
549 230 766 296 quoquceripuit
777 231 887 284 mihi.-

148 298 268 351 hbsistel
283 298 370 348 nullas
382 299 486 348 enimus
497 297 616 347 admittit
626 311 731 363 preces,

148 367 307 434 Novamque
318 380 434 433 poenam
445 364 594 417 sceleribus
605 367 710 433 quaerit
720 381 824 433 parem.

147 437 185 487 Et
196 451 256 488 esse
265 450 315 502 par
324 450 393 502 quae
403 433 523 501 poterit?
538 434 640 484 Infanti
652 448 759 502 quoque

148 504 269 555 Decreta
278 518 352 555 mors
363 509 413 554 est.
449 502 520 553 Fata
531 503 590 568 quis
601 509 656 553 tam
669 505 759 556 tristia

89 573 138 625 245
151 572 269 624 Sortitus
279 569 414 638 unquami
431 569 559 622 Videram
570 571 691 622 nondum
699 572 780 634 diem,

149 642 277 708 Uterique
288 639 406 691 nondum
416 638 552 690 solveram
563 638 629 690 elusi
638 654 745 691 moras:

136 700 187 762 'Et
197 711 251 761 iam
262 707 386 760 timebor.
422 707 551 758 Protinus
563 707 693 774 quosdam
705 709 793 760 editos

149 778 212 829 Nox
223 777 380 843 occuparit,
392 779 420 826 et
431 790 517 827 novae
527 776 582 827 luci
593 776 719 840 ahstulit;

150 847 226 897 Mors
238 861 280 897 me
292 845 447 897 antecessit.
481 845 583 911 Aliquis
593 845 665 908 intra
674 847 782 896 viscera
856 856 863 862 '

92 916 142 967 250
152 916 279 967 Materne
288 915 371 966 letum
383 914 543 980 praecoquis
554 912 605 963 lati
614 913 689 977 tulit3
703 952 709 961 .

154 982 209 1035 Sed
218 982 348 1050 numquid
358 988 387 1033 ct
397 980 539 1047 peccavitl
553 982 714 1032 Abstrusum
721 1019 729 1045 ,
742 982 872 1047 abditum,

152 1052 324 1118 Dubiumque
336 1066 370 1101 an
382 1065 482 1112 essem,
494 1049 604 1101 sceleris
614 1049 718 1102 infandi
730 1067 807 1105 reum

152 1121 228 1171 Deus
241 1121 305 1187 egit.
340 1119 389 1170 lllo
400 1122 471 1169 teste
483 1118 620 1168 damnavit
630 1133 737 1184 pareus,

154 1187 301 1254 calidoque
313 1191 422 1238 teneros
434 1188 551 1237 transuit
559 1186 636 1240 ferro
647 1188 740 1253 pedes,

94 1258 144 1308 255
156 1258 191 1308 Et
201 1259 229 1307 in
240 1257 296 1308 alta
306 1270 419 1307 nemora
428 1255 556 1321 pabulum
567 1257 640 1307 misit
652 1254 717 1308 feris

152 1325 304 1392 ‚tribusque
315 1325 417 1386 saeris,
427 1340 494 1391 quas
506 1323 652 1377 Cithaeron
662 1327 760 1378 noxius

154 1396 255 1446 cruore
266 1407 348 1460 saepe
358 1393 433 1460 regio
445 1393 544 1446 tinctas
556 1394 612 1444 alit.

153 1461 207 1514 Sed
219 1477 296 1531 quem
308 1463 373 1513 deus
384 1461 534 1524 damnarit,
545 1463 646 1514 abiecit
657 1469 744 1529 pater,

151 1532 229 1583 Mors
240 1545 346 1600 quoque
357 1529 466 1597 refugia
501 1530 633 1583 Praestiti
643 1531 757 1599 Delphis
769 1533 861 1586 fidem:

90 1600 141 1652 260
155 1601 312 1656 Genitorem
324 1599 435 1651 adortus
445 1600 529 1666 impia
539 1603 623 1652 stravi
643 1616 719 1654 neec.

56 1686 60 1691 ·
149 1671 212 1720 Hoc
224 1669 314 1738 aliqua
324 1671 411 1736 pietas
422 1669 554 1720 redimetl
565 1699 597 1708 -
610 1670 704 1722 Occidi
716 1677 837 1737 patrem3

151 1736 204 1789 Sed
216 1745 331 1789 matrem
341 1739 437 1790 autad.
472 1738 603 1807 Proloqui
615 1737 794 1804 hymenaeum
806 1741 887 1808 pudet

149 1805 312 1874 Taedasque
324 1813 443 1869 nostras3
454 1804 504 1857 has
516 1823 622 1876 quoque
632 1809 744 1859 invitum
756 1814 816 1875 pati

148 1873 191 1925 Te
201 1889 270 1943 coge
281 1889 402 1942 poenas..
426 1876 544 1927 Facinus
554 1877 692 1944 ignotum,
703 1876 827 1937 efferum,

91 1941 140 1993 tos
152 1943 310 1995 inusitatum
323 1944 419 2007 effare,
431 1943 504 2011 quod
514 1944 607 2012 populi
617 1943 755 2007 horreant,

151 2012 230 2073 Quod
242 2027 301 2064 esse
312 2012 415 2065 factum
424 2013 498 2064 nulla
508 2028 562 2065 non
573 2019 649 2065 aetas
659 2022 750 2081 neget,

75 2084 78 2089 '
150 2080 231 2140 Quod
241 2080 521 2149 patricidampudeat.
557 2084 789 2150 lupatriostores
847 2080 851 2089 “

151 2148 214 2199 Tuli
225 2156 339 2215 paterno
349 2152 479 2218 sanguiue
492 2151 636 2219 adspersas
648 2168 752 2214 orarius,

95 2233 96 2238 ¹
152 2215 320 2284 Scelerisque
330 2222 446 2286 pretium
458 2222 545 2273 maius
555 2224 649 2288 accepi
661 2221 757 2273 scelus.

91 2288 142 2340 2ῖο
155 2286 229 2337 Leve
240 2291 283 2338 est
291 2293 433 2354 paternum
444 2289 596 2355 facinus3in
607 2289 741 2343 thalamos
751 2305 828 2344 meos

151 2355 278 2408 Deducta
288 2364 390 2420 mater,
407 2373 441 2409 ne
452 2372 548 2425 parum
559 2359 670 2412 sceleris
681 2358 763 2422 foret,

149 2423 305 2476 Foeeunda.
340 2424 448 2478 Nullum
459 2429 560 2478 crimen
571 2426 721 2479 hoemaius
731 2433 826 2494 potest

149 2490 255 2543 Natura
265 2492 345 2547 ferre.
382 2493 408 2546 Si
422 2495 494 2562 quod
506 2497 652 2547 etiamnum
665 2503 707 2547 est
718 2503 823 2567 tamen:

50 2598 56 2607 .
150 2561 202 2623 Qui
212 2560 303 2614 faeere
315 2565 432 2630 possint,
445 2564 576 2616 dedimus.
610 2566 702 2616 Abieei
714 2567 789 2616 necis

9 2646 29 2711 ζ,
90 2628 139 2684 275
151 2629 273 2685 Pretium
281 2640 413 2700 paternae
424 2639 560 2700 sceptrum
567 2639 609 2698 ,ct
619 2633 672 2688 hoe
684 2635 783 2687 iterum
793 2648 886 2687 munus
