1860 2970
102 133 154 188 aa
301 123 337 177 n.
363 88 521 174 annam
549 114 747 172 sennenn
788 84 791 90 ’

183 233 240 285 Det
249 233 328 298 pater
337 224 415 278 sedes
429 222 571 290 calidoque
582 222 704 274 Cancroc

105 299 174 356 1575
184 300 226 355 Ne
238 305 285 350 tuo
296 296 371 346 uultu
380 292 543 344 tremefacta
553 292 628 360 leges

128 388 130 393 ·
184 373 266 423 Astra
276 360 635 428 conturbent,trapidetquc
646 359 743 412 Titan.

184 439 259 491 Vere
271 435 335 484 dum
344 431 426 482 floreo
437 432 547 482 venient
556 430 673 497 tepenti,

185 510 223 560 Et
235 518 340 556 comam
351 500 423 552 silvis
433 498 537 551 hiemes
546 498 680 562 recident,

187 575 242 627 Vel
253 586 358 625 comam
369 571 442 621 silvis
452 568 594 621 revocabit
603 572 707 632 aestas,

110 644 178 701 1581
189 645 329 709 Pomaque
341 645 470 691 autumno
480 636 602 706 fugiente
614 637 726 699 cedent,

188 705 270 766 Nulla
280 715 307 760 te
318 709 397 759 terris
407 708 496 773 rapiet
506 711 638 758 vetustas.

188 784 234 834 Tu
244 792 335 830 comcs
345 774 473 838 Phoebo,
485 790 577 826 comes
586 774 639 826 ibis
649 773 745 828 notrici

188 852 258 901 Ante
269 850 397 897 nascetur
407 858 485 912 aegea
495 844 523 894 in
533 841 681 910 profundo,

189 917 243 970 Vel
253 915 354 968 fretum
364 913 440 964 dulci·
447 913 587 966 resonabit
594 912 685 976 unda3

111 985 180 1042 1585
190 987 259 1037 Ante
270 983 417 1037 descendet
426 981 546 1051 glacialis
557 983 644 1033 llraae
675 1008 678 1012 ·

192 1054 285 1115 Sidus,
298 1058 327 1103 et
336 1052 426 1104 Ponto
438 1052 523 1104 vetito
535 1049 651 1113 fructur,

191 1126 280 1187 Quam
292 1128 353 1172 tuas
363 1121 459 1172 laudes
469 1119 563 1188 populi
574 1120 727 1188 quiescant.

191 1194 246 1253 Te,
259 1197 337 1257 pater
348 1205 453 1254 rerum,
462 1190 554 1241 miseri
564 1202 725 1256 precamur=

191 1256 729 1326 Nullanaacaturferamullapeatiaf·
779 1263 781 1266 ’
874 1257 877 1261 ’

113 1325 181 1384 1590
190 1328 253 1381 Non
264 1327 347 1378 duces
359 1340 456 1379 saevos
466 1327 621 1378 miseranda
628 1325 712 1379 tellus

193 1398 328 1459 Horrcat3
339 1397 412 1447 nulla
422 1396 576 1448 dominetur
586 1395 657 1463 aula,

194 1467 248 1527 Qui
259 1471 336 1532 putet
347 1466 434 1517 solum
445 1467 528 1517 decus
538 1480 597 1519 esse
608 1463 696 1533 regni,

191 1533 305 1601 Semper
313 1535 448 1586 intensum
458 1536 577 1586 tenuisse
587 1534 699 1586 sermm.

103 1647 104 1651 ,
193 1601 222 1653 Si
233 1602 296 1669 quid
306 1604 423 1654 interris
434 1603 534 1654 iterum
543 1604 664 1666 timetur,
715 1616 717 1620 ’

113 1670 181 1726 1595
193 1672 335 1724 Vindicem
345 1679 435 1724 terrae
446 1674 562 1739 petimus
572 1674 696 1725 relictae.
778 1691 782 1695 ·

194 1741 280 1802 Hem,
291 1741 355 1807 quid
365 1739 434 1791 boel
455 1742 569 1792 mundus
584 1741 676 1793 tonatl
699 1741 790 1807 Ecca,
803 1744 902 1802 moeret,

193 1809 303 1860 Moeret
312 1809 422 1862 Alciden
433 1815 526 1878 pater:
556 1811 596 1861 dn
607 1810 724 1862 deorum

195 1877 316 1940 Clamor,
329 1893 362 1929 an
373 1893 427 1930 vox
439 1885 481 1930 est
490 1879 600 1930 timidae
611 1879 766 1934 novercaei

193 1945 314 1998 Hercule
325 1962 359 1997 an
369 1948 427 1998 viso
438 1946 509 2014 fugit
519 1953 593 2000 astra
601 1947 689 1998 lunol

114 2012 183 2065 1600
193 2013 294 2065 Passus
306 2030 339 2065 an
351 2017 454 2082 pondus
466 2016 593 2067 titubavit
602 2015 697 2068 Atlaai

193 2083 233 2133 An
244 2083 330 2148 magis
342 2085 393 2135 diri
402 2091 538 2136 tremuere
548 2086 645 2137 Manes

193 2151 350 2213 Herculem,
362 2159 391 2203 et
399 2155 486 2204 risum
497 2156 571 2206 canis
582 2154 737 2207 lnferorum
804 2216 807 2221 ,

192 2219 275 2285 Fugit
286 2219 407 2287 abruptis
417 2223 538 2289 trepidus
550 2221 671 2275 catenis?

191 2288 333 2339 Fallimur:
345 2291 417 2341 laeto
427 2293 514 2354 venit,
525 2307 603 2356 cccc,
614 2293 700 2355 vultu,

114 2354 181 2407 1605
194 2359 280 2420 Quem
289 2358 351 2408 tulit
360 2359 461 2422 Poena,
474 2358 645 2430 humerisque
656 2352 728 2414 tela¹

196 2426 293 2476 Gestat
304 2432 331 2477 et
341 2432 421 2479 notua
432 2431 539 2495 populis
551 2428 705 2499 pharetras,

193 2495 318 2547 Herculia
329 2494 436 2549 heresi·
519 2528 521 2533 ·
