1860 2970
235 105 473 161 THYESTES.
507 110 598 163 ACT.
624 112 672 165 lv.
836 112 870 164 69

66 212 118 266 1110
130 209 282 280 procellae,
293 208 378 274 ferte,
389 225 442 280 qno
453 210 540 264 iertur
550 212 608 266 dies

68 279 257 348 Hincraptusl
266 293 352 331 cnon.
361 281 472 333 Animos
482 282 591 349 gratius
601 284 722 338 incertos
733 291 809 338 tenes

70 349 143 411 Quid
153 351 203 412 sit,
214 348 288 417 quod
298 347 407 414 horres,
419 350 483 414 ede,
495 356 524 403 et
533 358 672 405 auctorem
683 355 781 407 indica.

68 418 131 470 Non
144 432 261 485 quaero,
272 419 331 485 quis
342 418 391 481 sit,
402 418 451 470 sed
461 425 531 471 uter.
549 419 642 474 Effare
654 423 742 475 ocius!
818 423 867 474 640

66 500 170 538 nunc.
190 487 220 537 ln
231 501 295 538 erce
306 502 413 539 summa
421 487 552 557 Pelopiae
563 504 627 556 pars
637 496 680 543 est
691 493 786 544 domus

68 569 205 607 conversa
215 553 250 606 ad
259 556 388 618 Austros,
400 558 476 609 cuius
488 564 638 610 extremum
648 559 720 614 latus

65 623 187 692 Aequale
196 624 283 673 monti
295 625 407 687 crescit,
419 630 501 693 atque
511 627 606 679 urbem
617 632 717 696 promit

65 693 104 743 Et
114 697 305 744 contumacem
314 692 424 759 regibus
435 695 565 761 populum
576 698 632 748 suis

64 761 161 813 Habet
170 760 220 812 sub
230 760 398 827 ictu;iulget
408 760 453 814 hic
464 764 562 814 turbae
573 779 661 831 capax
816 766 865 814 615

64 830 188 882 immane
199 834 316 892 tectum,
327 831 404 880 cuius
416 836 526 882 auratas
536 832 629 885 trabes

65 898 159 950 Variis
172 897 313 948 columnae
325 898 430 950 nobiles
440 900 554 951 maculis
565 900 665 952 femini.

63 967 136 1020 Post
144 968 199 1017 ista
207 965 374 1033 vulgonota,
386 982 456 1032 quac
466 969 559 1036 populi
571 971 676 1033 colunt,

63 1038 95 1088 ln
107 1034 196 1087 multa
205 1034 279 1085 dives
289 1035 380 1100 spatia
392 1035 508 1085 discedit
519 1037 624 1090 domus.

62 1103 272 1158 Arcanainimo
282 1104 359 1169 regia
369 1117 481 1154 secessu
491 1110 580 1170 patet,
644 1146 647 1157 .

62 1175 126 1226 rllta
135 1177 272 1223 vetustum
281 1171 351 1222 valle
363 1185 540 1239 compescens
551 1190 658 1238 nemus,

39 1264 50 1272 ,
61 1240 208 1295 Penetrale
218 1241 308 1309 regni;
319 1239 392 1290 nulla
402 1255 455 1307 qua
464 1241 552 1293 laetos
563 1244 635 1297 solet

61 1310 202 1364 Praebere
211 1324 304 1361 remos
315 1309 410 1372 arbor,
421 1316 469 1361 aut
478 1309 552 1363 ferro
563 1313 630 1377 coli3

61 1379 118 1433 Sed
128 1384 209 1431 taxus
220 1384 249 1433 et
257 1393 402 1444 cupressus
413 1384 441 1430 et
452 1381 530 1447 nigra
539 1380 601 1432 ilico

62 1450 191 1502 Obscura
199 1453 279 1500 nutat
289 1447 370 1511 silva,
383 1463 463 1516 quam
473 1464 557 1515 supra
567 1451 685 1501 eminens

60 1519 215 1585 Despectat
225 1517 279 1568 alte
290 1531 420 1585 quercus,
431 1523 460 1570 01
469 1519 553 1569 uincit
563 1532 667 1570 nemus.
723 1546 726 1553 ·

60 1588 135 1640 Hinc
147 1587 283 1654 auspican
291 1586 542 1654 regnaTantalidaa
553 1587 657 1648 solent,

60 1657 135 1709 Hinc
145 1660 241 1723 petere
250 1655 335 1723 lapsis
344 1655 427 1707 rebus
439 1661 467 1706 et
477 1653 564 1706 dubiis
576 1669 665 1721 opem.

58 1725 160 1778 Adfixa
168 1722 312 1777 inhaerent
321 1723 528 1787 dona,voeales
537 1723 636 1786 tubae,

59 1794 209 1862 Fractique
220 1807 330 1856 currus,
342 1793 430 1859 spolia
438 1793 544 1859 Myrtoi
554 1793 651 1855 maris,

58 1864 213 1931 victaeque
223 1860 300 1918 falsis
311 1863 407 1913 axibus
416 1861 536 1928 pendent
545 1867 637 1923 retae,

56 1936 95 1985 Et
106 1947 187 1985 omne
197 1933 286 2000 gentis
298 1928 417 1995 iacinns3
428 1929 481 1982 hoc
493 1929 629 1999 Phrygius
637 1929 700 1983 loco

57 2002 144 2054 Fixus
155 2001 242 2052 tiaras
252 2000 376 2067 Pelopis,
388 1997 432 2051 hic
442 2000 546 2064 praeda
556 1999 689 2053 hostium.

56 2073 94 2122 Et
104 2070 140 2121 de
151 2067 292 2136 triumpho
302 2071 378 2136 picta
388 2067 531 2119 barbarico
544 2068 667 2135 chlamys

56 2139 131 2191 Fons
143 2142 201 2190 stat
210 2137 259 2189 sub
270 2138 368 2189 ambra
378 2138 476 2200 tristis,
488 2143 516 2188 et
526 2139 603 2205 nigra
615 2140 691 2206 piger

57 2207 165 2259 Haeret
186 2206 295 2273 palude.
332 2206 408 2257 Talis
419 2206 548 2258 astdirae
560 2207 652 2273 Stygis

56 2275 199 2329 Deformis
209 2275 296 2338 unda,
309 2290 378 2342 quae
387 2274 455 2326 facit
465 2277 542 2328 coelo
553 2277 642 2327 fidem.

53 2345 107 2396 Hic
118 2351 203 2397 nocte
217 2359 301 2397 coeca
311 2358 419 2411 gemere
429 2344 531 2396 ferales
542 2346 608 2397 deos

53 2413 141 2466 Fama
151 2420 209 2477 est;
221 2414 325 2465 catenis
336 2414 413 2464 lucus
425 2416 546 2465 excussis
558 2418 651 2472 sonat,

53 2482 219 2551 Ululantque
229 2483 334 2533 Manes.
352 2483 488 2549 Quidquid
499 2483 591 2532 audire
604 2486 644 2531 est
654 2484 755 2542 metus,

52 2551 109 2602 lllic
119 2552 247 2603 videtur:
259 2556 333 2603 errat
343 2553 460 2617 antiquis
470 2556 548 2601 vetus

53 2621 161 2674 Emissa
171 2620 259 2674 bustis
270 2620 363 2686 tmba,
375 2625 403 2673 et
413 2620 542 2671 insultant
553 2633 613 2671 loco
