1860 2970
316 72 509 176 cernitis.
536 126 614 179 ACT.
625 129 647 180 1.
827 131 879 184 359

71 228 251 292 Animumque
263 223 362 283 domini
373 224 475 278 famula
487 229 609 294 possedit
618 229 674 293 diu,

72 298 132 347 iam
143 295 242 344 metuit
251 292 355 345 eadem.
375 308 450 346 ocr.
466 296 571 364 Nempe
586 299 738 364 praelatum
747 301 798 353 sibi

71 363 205 414 Subiecta
217 367 245 412 et
254 360 375 427 bumilis3
388 369 468 431 atque
479 374 654 419 monumenta
663 369 766 420 extruit
825 371 874 421 195

73 432 179 494 Quibus
190 431 314 481 timorem
325 431 522 485 iassatestatur
532 451 618 486 suum.

72 515 90 550 u
99 513 141 550 ur
149 513 179 569 n.¹
187 499 223 549 Et
234 497 305 549 hanc
315 499 381 551 iovis
391 499 528 569 fallaxque
538 503 670 555 destituet
679 503 747 559 deus

71 568 193 620 Volucei
203 567 316 634 Cupido.
329 567 371 619 Sit
380 569 444 620 licet
455 569 544 622 forms
554 574 676 626 eminens

71 637 177 703 Opibus
188 636 318 703 superba:
329 637 458 703 gaudium
468 642 559 705 capiet
568 640 659 695 breve.

71 705 514 772 Passaestsimilesipsodolores
825 715 874 764 200

71 772 274 840 Reginadeum,

71 845 140 894 Cum
152 856 181 893 se
191 840 293 892 formas
302 841 385 893 vertit
394 843 422 894 in
433 858 528 897 omnes

70 911 204 962 Dominus
215 910 285 961 coeli
295 911 438 979 dirumque
450 917 536 978 poter,

70 980 108 1031 Et
117 977 199 1030 modo
209 994 312 1044 pennas
322 984 418 1032 sumsit
429 981 522 1044 oloris,

69 1046 156 1099 Modo
167 1045 270 1098 Sidonii
281 1063 384 1099 cornus
392 1050 475 1111 tauri,

69 1117 176 1167 Aureus
185 1115 256 1167 idem
267 1115 346 1167 fluxit
355 1120 383 1168 in
392 1118 481 1169 imbri.

72 1184 191 1250 Fuigent
201 1184 278 1236 coeio
290 1187 379 1238 sidere
389 1186 498 1252 Ledse3

70 1253 165 1305 Patrio
176 1253 278 1305 residet
287 1254 412 1304 Bacchus
423 1256 556 1323 Olymp03
644 1284 649 1297 ·
662 1273 668 1284 ·
714 1302 718 1312 ,

67 1323 144 1374 Deus
156 1320 262 1372 Alcides
272 1321 395 1386 possidet
405 1323 512 1387 Heben,

66 1389 127 1444 Nec
137 1389 246 1440 lunonis
257 1391 311 1439 iam
321 1390 399 1440 timet
408 1392 474 1451 iras,

67 1460 150 1511 Cuius
161 1472 245 1525 gener
255 1460 309 1517 est,
319 1457 367 1522 qui
375 1455 427 1507 fuit
438 1454 532 1509 hostis.

67 1528 144 1580 Vicit
154 1529 261 1593 sopiens
273 1529 365 1575 tamen
376 1525 534 1590 obsequium

66 1597 195 1663 Coniugis
207 1595 278 1646 altae
289 1608 451 1660 pressusque
462 1593 552 1645 dolore

66 1662 134 1716 Sola
144 1666 297 1715 'l'onantem
309 1668 384 1714 tenet
395 1659 518 1715 aetherio

66 1731 458 1798 Securatoromaximalun03

64 1801 125 1854 Nec
135 1801 244 1853 mortali
255 1805 350 1868 ceptus
360 1800 449 1851 forma

65 1871 178 1923 Deserit
189 1870 272 1920 altam
282 1870 384 1952 iupiter
395 1869 493 1919 auiam.

65 1939 111 1990 'i'u
122 1953 242 2006 quoque,
255 1944 335 1988 terris
345 1938 432 1988 altera
441 1939 519 1998 iuno,

65 2005 153 2058 Soror
161 2008 274 2074 Augusti
286 2009 445 2074 coniuxque,
455 2019 553 2075 graves

65 2076 154 2130 Vince
166 2075 285 2127 dolores!

66 2158 143 2196 ocu.
156 2145 304 2211 iungentur
315 2150 378 2196 ante
388 2159 471 2196 saera
481 2142 614 2195 sideribus
626 2141 706 2206 freta,

64 2215 103 2265 Et
112 2214 182 2281 ignis
193 2213 294 2274 undae,
306 2214 424 2265 'l'srtaro
434 2214 506 2265 tristi
517 2213 603 2280 polus,

64 2282 129 2335 Lux
140 2282 211 2334 aima
220 2282 353 2343 tenebris,
365 2283 490 2334 roscidae
501 2281 575 2332 nocti
588 2280 654 2342 dies,

66 2352 156 2412 Quam
167 2366 228 2402 cum
238 2350 346 2402 scelesti
358 2351 480 2418 coniugis
490 2355 580 2400 mente
592 2349 674 2414 impia

64 2421 145 2472 Mens
156 2425 264 2481 nostra,
275 2433 383 2484 semper
392 2417 485 2469 fratris
495 2417 608 2468 extincti
618 2429 728 2469 memor.
832 2450 845 2464 .

63 2490 176 2550 Utinam
183 2487 294 2540 nefandi
303 2487 436 2552 Principis
447 2487 533 2537 dirum
545 2489 628 2550 csput

63 2558 189 2609 Obruere
199 2556 314 2608 flammis
327 2555 457 2607 Coclitum
468 2558 560 2605 rector
571 2558 658 2620 paret,

61 2627 116 2688 Qui
123 2639 210 2692 saepo
221 2631 309 2677 terres
319 2624 435 2679 suintinc
446 2622 551 2693 iniecto
562 2623 667 2694 «puniit,
