1860 2970
249 158 443 213 oedipus„
477 163 565 213 ncT.
583 162 629 213 111.
781 166 830 216 169

34 266 97 320 Non
109 264 260 318 contineret
269 263 297 313 in
308 277 369 314 meo
381 268 485 315 eertum
495 270 581 315 statu:

34 337 142 386 Tamen
151 333 212 400 ipsa
221 346 264 383 me
276 332 398 383 Fortuna
408 337 537 394 terreret,
548 334 626 384 nimis

37 402 285 467 Sollicitaeemper.
320 399 613 453 Libeathoctutotibi
707 454 712 475 a
777 438 780 445 .

35 473 146 523 Exuere
156 469 320 536 pondusrne
331 456 503 521 reddentem
514 469 657 537 opprimat.
701 476 742 523 t(
811 510 814 515 >

34 540 94 591 lam
104 545 132 591 te
142 538 247 588 minore
256 538 342 588 tutior
351 552 436 604 pones
445 538 517 588 loco.
662 550 693 601 ’7
705 542 742 583 ἓν
756 556 760 569 ·
780 543 829 592 nm
840 544 861 555 ““
877 536 882 545 ’
898 546 914 561 ’”

35 618 112 658 oro.
129 606 258 658 Hortaris
269 607 363 667 etiarn,
375 612 473 673 sponte
486 607 619 672 deponam
629 613 661 658 ut
670 620 732 660 mea

34 677 106 726 Tam
116 675 212 742 grevia
221 672 322 740 regnai
346 687 394 723 cn.
413 671 547 725 Suadeam
559 673 611 726 hoe
623 675 674 727 illie
686 691 747 744 ego,

32 744 64 794 ln
74 748 218 809 utrumque
229 742 288 808 quis
299 746 341 793 eet
350 742 418 793 liber
429 743 574 794 etiamnum
584 750 680 796 statue.

33 812 97 862 Tibi
107 813 161 861 ianr
172 823 282 861 neeesse
293 816 335 861 est
344 809 416 861 ferre
426 809 563 862 fortunam
573 817 655 862 tuam.

34 892 109 929 ouo.
127 878 284 935 centesima
295 883 337 930 est
347 893 461 945 regnare
473 879 591 944 cupienti
601 882 645 930 uia
779 884 830 934 680

32 946 160 997 Laudare
169 945 290 1009 modice,
303 952 331 997 et
342 948 427 997 otium
439 947 471 997 'ae
482 962 604 999 somnum
614 948 696 1017 loqui.

32 1016 73 1066 Ab
81 1011 204 1083 inquieto
214 1028 296 1080 saepe
307 1014 448 1064 simulatur
459 1016 542 1080 quies.

34 1096 84 1134 cm
103 1083 238 1134 Parumne
248 1097 291 1135 me
301 1087 359 1133 tam
368 1082 450 1150 longa
461 1082 581 1134 defendit
591 1085 676 1136 fidesi

31 1164 110 1201 ouo.
127 1151 237 1202 Aditum
246 1152 361 1203 nocendi
372 1151 476 1219 perfido
488 1157 610 1219 praestat
620 1154 697 1209 fides.

34 1233 84 1271 cu.
103 1218 213 1271 Solutus
225 1234 305 1272 onere
316 1222 391 1288 regio
403 1221 479 1290 regni
489 1222 567 1273 bonis
598 1272 602 1279 ,
778 1226 828 1277 685

30 1289 133 1351 Fruar,
144 1287 292 1356 domusque
304 1291 400 1342 ciuium
410 1296 491 1343 coetu
501 1291 589 1358 viget3

31 1355 92 1409 Neo
101 1356 156 1408 ulla
166 1357 269 1408 vicibus
281 1358 367 1424 surgit
377 1358 486 1411 alternis
497 1359 563 1420 dies,

31 1427 96 1488 Qua
105 1440 159 1477 non
171 1425 314 1493 propinqui
325 1441 438 1478 munera
448 1426 483 1477 ad
492 1431 600 1478 nostroe
609 1426 682 1479 laren

34 1493 141 1560 Sceptri
153 1493 415 1613 redundentgultue,
427 1493 571 1562 opulentae
582 1494 674 1562 dapes.

32 1561 243 1615 Donatamultie
253 1574 303 1630 gra
328 1570 448 1614 anostra
456 1564 537 1614 salua.
779 1568 828 1618 690

34 1631 107 1695 Quid
116 1638 172 1683 tam
180 1629 278 1682 beatae
290 1630 384 1683 deesse
395 1630 521 1681 fortunae
531 1630 609 1682 reari

33 1713 109 1753 ono.
130 1699 209 1763 Quod
219 1697 440 1753 deestrsecunda
449 1713 503 1751 uon
513 1697 615 1817 hetaeum
625 1715 742 1770 uuquam
782 1738 787 1749 .

506 1781 625 1819 meum.

35 1851 84 1887 cm
102 1836 244 1904 Incognita
252 1837 336 1905 igitur
345 1842 376 1889 ut
386 1852 487 1890 nocens
498 1853 581 1888 eausa
592 1836 704 1888 cademi

33 1918 110 1957 oen.
129 1903 199 1957 Num
209 1907 279 1956 ratio
290 1906 367 1956 vobis
377 1906 484 1957 reddita
494 1909 537 1957 est
547 1905 618 1957 vitae
627 1906 722 1958 meae?

31 1973 102 2024 Num
114 1974 208 2026 audita
217 1988 300 2024 eausa
312 1979 353 2026 est
364 1979 458 2026 nostra
468 1972 608 2025 Tiresiaei
618 1980 720 2027 tannen
779 1979 828 2029 695

31 2041 131 2094 Sontes
141 2041 271 2094 videmur.
306 2043 408 2094 Facitis
419 2043 584 2110 exemplum:
595 2060 703 2112 sequor.

32 2124 81 2162 cn
93 2109 178 2174 Quid,
188 2111 212 2162 ei
221 2110 350 2163 innocens
359 2111 435 2165 sumi
448 2112 683 2182 oau.1)ubiapr·o
695 2117 776 2167 certia

535 2181 626 2234 uolent

30 2248 141 2298 Timere
151 2261 239 2314 reges.
276 2260 326 2298 ca.
345 2249 583 2315 Quipavetvauos
594 2256 692 2310 mutus,

29 2315 257 2367 Verosmeretnr.
293 2328 368 2367 ono.
388 2317 516 2386 Quisquis
525 2321 552 2368 in
564 2317 714 2384 culpafuit,

25 2383 162 2435 Dimissus
173 2383 231 2435 odit
242 2384 415 2452 omue,quod
425 2385 534 2438 dubium
544 2390 631 2452 putat.
779 2389 829 2437 700

30 2466 79 2504 ca.
100 2450 146 2503 Sic
158 2452 223 2504 odia
234 2453 308 2503 iiunt.
346 2467 385 2504 oa
393 2466 419 2504 o.
430 2455 500 2506 Odia
510 2457 555 2522 qni
566 2457 677 2507 nimium
687 2457 764 2508 timet
867 2474 870 2479 ·

27 2521 155 2590 Regnare
164 2522 266 2572 nescit:
277 2535 362 2588 regna
372 2523 491 2575 custodit
500 2530 597 2574 metus.

29 2603 80 2641 en.
100 2590 153 2653 Qui
163 2593 273 2656 sceptra
283 2588 350 2642 duro
361 2605 459 2645 naevus
469 2593 584 2659 imperio
594 2593 674 2659 regit,

26 2658 122 2713 'iuuet
136 2658 279 2724 timentem
290 2663 380 2714 metue
390 2660 419 2715 in
429 2666 567 2714 auctorem
580 2659 660 2715 redit.
