1860 2970
98 125 132 178 48
294 122 329 174 L.
346 119 500 175 ANNAEI
518 119 709 173 SENECAE

158 241 199 277 ur
207 240 232 277 c.
251 226 305 277 cor
315 239 379 291 ergo
392 225 448 290 regi
459 224 554 283 seruit,
566 229 594 273 et
604 225 706 289 patitur
715 227 827 293 iuguml

158 310 202 346 nte
210 311 235 345 e.
254 295 371 361 Imperia
381 293 449 342 duro
459 291 537 352 tolle,
550 293 612 358 quid
624 293 708 342 virtus
720 295 790 345 em'tl

158 378 200 413 nr
208 377 232 414 c.
251 363 328 412 Obici
339 361 403 411 feris
413 362 593 426 monstrisque
603 361 729 411 virtutem
741 364 841 428 putasl

99 430 150 482 435
162 446 206 481 uu
214 446 241 481 u.
260 431 377 481 Virtutis
389 435 431 480 est
441 429 565 489 domare,
573 443 642 494 quae
653 433 742 480 cuncti
756 439 870 496 pavent,

159 513 232 551 nnc.
266 498 413 549 Tenebrae
428 497 588 564 loquentem
617 511 716 564 magna
745 500 897 554 Tartareae

336 571 436 617 emunt.
707 610 710 614 .

158 650 201 686 ne
209 651 235 687 o.
253 582 334 688 Nmpe
328 640 368 685 est
379 633 413 683 ad
420 637 495 683 astra
503 632 591 683 mollis
602 645 617 683 e
628 634 708 685 terris
719 636 772 686 via.

158 718 231 755 nuc.
251 705 311 765 Qun
323 707 403 767 patre
412 702 518 767 genitus
535 701 662 751 coelitum
680 709 774 769 sperat
784 703 896 757 demost

159 787 259 824 nunu.
277 770 434 822 Miseranda
448 771 546 819 coniux
555 770 788 838 Herculis'megni
798 773 862 826 silc:

98 843 150 893 440
160 842 258 893 Partes
268 854 345 890 meae
355 843 417 889 sunt
427 837 540 889 reddere
550 837 659 888 Alcidae
670 845 776 905 patrem

161 910 306 976 Genusque
316 923 417 958 verum.
453 906 522 957 Post
531 910 573 956 tot
582 907 698 974 ingentis
709 909 758 958 viri

157 977 337 1029 Memoranda
346 975 435 1038 facta,
447 980 562 1042 postque
573 981 700 1040 pacatum
711 991 806 1041 manu,
871 973 877 987 ’

159 1047 345 1112 Quodcunque
357 1045 439 1096 Titan
452 1049 526 1095 ortus
538 1049 565 1094 et
575 1044 668 1095 labens
677 1044 766 1107 videt,

157 1114 226 1166 Post
236 1119 358 1164 monstra
366 1119 409 1163 tot
419 1111 580 1178 perdomita,
589 1116 653 1177 post
662 1110 895 1191 Phlegramimpio

69 1226 72 1231 ,
98 1183 149 1234 445
162 1182 289 1248 Sponsam
300 1195 410 1241 cruore,
421 1185 537 1246 postque
549 1178 676 1231 defensos
687 1181 768 1244 deos,

161 1250 287 1303 Nondum
296 1249 382 1314 liquet
392 1248 425 1299 de
436 1246 531 1313 patret
541 1249 686 1313 mentimur
695 1246 806 1301 loremt

160 1319 269 1370 lunonis
280 1317 343 1367 odio
354 1316 443 1367 crede.
461 1329 502 1365 or
510 1330 534 1365 c.
554 1314 626 1377 Quid
638 1317 724 1368 violae
735 1318 846 1371 lovem?

156 1386 273 1438 Mortale
285 1384 362 1435 coelo
372 1399 426 1433 non
436 1388 528 1464 potest
537 1381 613 1450 iungi
622 1399 716 1451 genus.

157 1467 258 1507 nuru.
277 1453 432 1505 Communis
441 1456 494 1501 ista
503 1451 624 1517 pluribus
637 1469 720 1505 causa
731 1460 773 1507 eet
783 1455 850 1508 deis.
875 1458 878 1462 ’

97 1522 149 1574 tto
160 1537 202 1574 nu
210 1537 234 1574 c.
251 1520 390 1573 Famuline
400 1517 509 1568 fucrant
519 1524 581 1570 ante
594 1536 673 1585 quam
684 1517 782 1575 fierent
790 1523 853 1576 deit

76 1620 79 1624 -
156 1605 257 1643 suen.
275 1591 376 1642 Pastor
385 1586 524 1643 Pheraeos
534 1584 629 1638 Delius
640 1592 714 1654 pavit
723 1606 873 1660 greges...

156 1674 230 1711 nuc.
250 1657 304 1711 Sed
313 1674 367 1710 non
377 1672 426 1725 per
438 1672 531 1710 omnes
542 1657 604 1707 exul
615 1659 715 1709 erravit
730 1660 873 1728 plagas...

156 1743 256 1780 nuru.
275 1730 361 1790 Quem
370 1726 490 1794 profuga
500 1732 574 1777 terra
583 1732 672 1777 mater
683 1734 790 1779 errante
802 1729 892 1781 edidit
908 1725 912 1729 ’

56 1860 59 1865 Ι
155 1792 891 1851 nrc.NonmonstrasaerasPhoebusauttimuitleree.

96 1863 147 1914 455
157 1878 257 1916 nuru.
274 1865 380 1914 Primus
396 1864 509 1928 sagittas
525 1862 621 1913 imbuit
632 1861 736 1916 Phoebi
746 1866 840 1919 draco.

155 1946 228 1983 aec.
248 1932 336 1993 Quam
345 1931 439 1996 gratia
453 1945 552 1995 parvus
567 1930 660 1982 tulerit
673 1934 784 2000 ignoras
802 1934 889 1990 mala!

153 2013 254 2052 nuru.
271 2001 295 2049 E
306 1999 399 2048 matris
409 2003 487 2050 utero
498 1998 606 2051 fulmine
620 2002 722 2053 eiectus
732 2017 803 2069 puer

153 2069 221 2119 Mox
230 2066 381 2118 fulminanti
392 2066 530 2132 proximus
541 2067 612 2132 patri
623 2069 712 2118 stetit„

155 2137 241 2198 Quid,
253 2136 299 2202 qui
307 2133 442 2201 gubernat
452 2139 540 2196 astra,
552 2136 597 2201 qui
607 2136 692 2188 nubes
705 2138 809 2203 quatit?

92 2201 144 2256 450
154 2204 217 2268 Non
227 2204 307 2257 latuit
315 2201 404 2253 inians
414 2205 489 2269 rupis
501 2203 600 2255 idaeae
611 2203 712 2270 specui

154 2272 276 2324 Sollicita
284 2272 353 2322 tanti
362 2273 452 2338 pretia
462 2272 565 2323 natales
576 2269 691 2336 habent,

151 2340 317 2408 Semperque
327 2355 426 2406 magno
437 2341 559 2390 constitit
569 2342 644 2392 nasci
654 2341 742 2394 deum.

151 2423 215 2461 nrc.
249 2411 442 2476 Quemcunque
460 2409 588 2460 miserum
611 2409 725 2476 videris,
752 2410 887 2468 hominem

294 2493 373 2528 scias.

152 2557 252 2597 nuru.
282 2545 475 2616 Quemcunque
498 2541 598 2598 fortem
622 2543 734 2610 videris,
760 2550 886 2605 miserum

292 2627 387 2682 neges.
905 2636 912 2643 ·
