<?xml version="1.0" encoding="UTF-8"?>
<!DOCTYPE html PUBLIC "-//W3C//DTD XHTML 1.0 Transitional//EN"
    "http://www.w3.org/TR/xhtml1/DTD/xhtml1-transitional.dtd">
<html xmlns="http://www.w3.org/1999/xhtml" xml:lang="en" lang="en">
 <head>
  <title>
</title>
<meta http-equiv="Content-Type" content="text/html;charset=utf-8" />
  <meta name='ocr-system' content='tesseract 3.04.00' />
  <meta name='ocr-capabilities' content='ocr_page ocr_carea ocr_par ocr_line ocrx_word'/>
</head>
<body>
  <div class='ocr_page' id='page_1' title='image "./tragoediaeadopt00senegoog_0121.png"; bbox 0 0 1860 2970; ppageno 0'>
   <div class='ocr_carea' id='block_1_1' title="bbox 69 106 711 179">
    <p class='ocr_par' dir='ltr' id='par_1_1' title="bbox 69 106 711 179">
     <span class='ocr_line' id='line_1_1' title="bbox 69 106 711 179; baseline 0.011 -17"><span class='ocrx_word' id='word_1_1' title='bbox 69 112 121 163; x_wconf 83' lang='lat'><strong>112</strong></span> <span class='ocrx_word' id='word_1_2' title='bbox 189 134 195 141; x_wconf 94' lang='lat'>·</span> <span class='ocrx_word' id='word_1_3' title='bbox 284 110 318 163; x_wconf 81' lang='lat' dir='ltr'><strong>L.</strong></span> <span class='ocrx_word' id='word_1_4' title='bbox 345 106 711 179; x_wconf 62' lang='lat' dir='ltr'><strong>amiternenses!</strong></span> 
     </span>
    </p>
   </div>
   <div class='ocr_carea' id='block_1_2' title="bbox 68 213 825 420">
    <p class='ocr_par' dir='ltr' id='par_1_2' title="bbox 68 213 825 420">
     <span class='ocr_line' id='line_1_2' title="bbox 129 213 776 281; baseline 0.003 -14"><span class='ocrx_word' id='word_1_5' title='bbox 129 215 270 267; x_wconf 82' lang='lat' dir='ltr'><strong>Commisit</strong></span> <span class='ocrx_word' id='word_1_6' title='bbox 279 227 411 281; x_wconf 86' lang='lat' dir='ltr'><strong>unquam,</strong></span> <span class='ocrx_word' id='word_1_7' title='bbox 422 227 476 263; x_wconf 87' lang='lat' dir='ltr'><strong>non</strong></span> <span class='ocrx_word' id='word_1_8' title='bbox 487 213 550 279; x_wconf 80' lang='lat' dir='ltr'><strong>vagi</strong></span> <span class='ocrx_word' id='word_1_9' title='bbox 560 215 664 281; x_wconf 86' lang='lat' dir='ltr'><strong>campis</strong></span> <span class='ocrx_word' id='word_1_10' title='bbox 674 214 776 281; x_wconf 75' lang='lat' dir='ltr'><strong>Getae,</strong></span> 
     </span>
     <span class='ocr_line' id='line_1_3' title="bbox 129 281 825 351; baseline 0.001 -15"><span class='ocrx_word' id='word_1_11' title='bbox 129 284 188 336; x_wconf 82' lang='lat' dir='ltr'><strong>Nec</strong></span> <span class='ocrx_word' id='word_1_12' title='bbox 197 281 367 350; x_wconf 79' lang='lat' dir='ltr'><strong>inhospitalis</strong></span> <span class='ocrx_word' id='word_1_13' title='bbox 377 283 499 345; x_wconf 79' lang='lat' dir='ltr'><strong>&#39;l&#39;asuus,</strong></span> <span class='ocrx_word' id='word_1_14' title='bbox 511 285 559 331; x_wconf 82' lang='lat' dir='ltr'><strong>aut</strong></span> <span class='ocrx_word' id='word_1_15' title='bbox 568 296 679 347; x_wconf 85' lang='lat' dir='ltr'><strong>sparsus</strong></span> <span class='ocrx_word' id='word_1_16' title='bbox 691 282 825 351; x_wconf 85' lang='lat' dir='ltr'><strong>Scythes!</strong></span> 
     </span>
     <span class='ocr_line' id='line_1_4' title="bbox 68 347 767 420; baseline 0 -17"><span class='ocrx_word' id='word_1_17' title='bbox 68 352 119 405; x_wconf 80' lang='lat' dir='ltr'><strong>tle</strong></span> <span class='ocrx_word' id='word_1_18' title='bbox 129 353 243 420; x_wconf 83' lang='lat' dir='ltr'><strong>Expelle</strong></span> <span class='ocrx_word' id='word_1_19' title='bbox 255 353 360 404; x_wconf 88' lang='lat' dir='ltr'><strong>lacinus</strong></span> <span class='ocrx_word' id='word_1_20' title='bbox 371 355 463 403; x_wconf 85' lang='lat' dir='ltr'><strong>mente</strong></span> <span class='ocrx_word' id='word_1_21' title='bbox 474 349 597 401; x_wconf 83' lang='lat' dir='ltr'><strong>castifica</strong></span> <span class='ocrx_word' id='word_1_22' title='bbox 605 347 767 419; x_wconf 70' lang='lat' dir='ltr'><strong>horridum</strong></span> 
     </span>
    </p>
   </div>
   <div class='ocr_carea' id='block_1_3' title="bbox 68 412 847 2698">
    <p class='ocr_par' dir='ltr' id='par_1_3' title="bbox 129 412 789 695">
     <span class='ocr_line' id='line_1_5' title="bbox 129 412 789 488; baseline 0.006 -15"><span class='ocrx_word' id='word_1_23' title='bbox 129 423 288 488; x_wconf 84' lang='lat' dir='ltr'><strong>Memorque</strong></span> <span class='ocrx_word' id='word_1_24' title='bbox 299 422 406 483; x_wconf 85' lang='lat' dir='ltr'><strong>matris,</strong></span> <span class='ocrx_word' id='word_1_25' title='bbox 417 424 507 471; x_wconf 88' lang='lat' dir='ltr'><strong>metue</strong></span> <span class='ocrx_word' id='word_1_26' title='bbox 519 412 681 471; x_wconf 73' lang='lat' dir='ltr'><strong>concubitus</strong></span> <span class='ocrx_word' id='word_1_27' title='bbox 692 434 789 477; x_wconf 78' lang='lat' dir='ltr'><strong>nevos.</strong></span> 
     </span>
     <span class='ocr_line' id='line_1_6' title="bbox 129 486 772 557; baseline -0.006 -15"><span class='ocrx_word' id='word_1_28' title='bbox 129 492 247 543; x_wconf 80' lang='lat' dir='ltr'><strong>Miscere</strong></span> <span class='ocrx_word' id='word_1_29' title='bbox 257 488 393 541; x_wconf 77' lang='lat' dir='ltr'><strong>thalamos</strong></span> <span class='ocrx_word' id='word_1_30' title='bbox 401 488 487 557; x_wconf 84' lang='lat' dir='ltr'><strong>petris</strong></span> <span class='ocrx_word' id='word_1_31' title='bbox 498 492 527 539; x_wconf 91' lang='lat' dir='ltr'><strong>et</strong></span> <span class='ocrx_word' id='word_1_32' title='bbox 536 488 612 555; x_wconf 82' lang='lat' dir='ltr'><strong>gnati</strong></span> <span class='ocrx_word' id='word_1_33' title='bbox 622 486 751 556; x_wconf 73' lang='lat' dir='ltr'><strong>adparas,</strong></span> <span class='ocrx_word' id='word_1_34' title='bbox 767 539 772 547; x_wconf 78' lang='grc'><em>,</em></span> 
     </span>
     <span class='ocr_line' id='line_1_7' title="bbox 129 554 757 626; baseline -0.003 -15"><span class='ocrx_word' id='word_1_35' title='bbox 129 561 269 626; x_wconf 82' lang='lat' dir='ltr'><strong>[lteroque</strong></span> <span class='ocrx_word' id='word_1_36' title='bbox 278 558 382 625; x_wconf 87' lang='lat' dir='ltr'><strong>prolem</strong></span> <span class='ocrx_word' id='word_1_37' title='bbox 395 571 493 624; x_wconf 77' lang='lat' dir='ltr'><strong>capere</strong></span> <span class='ocrx_word' id='word_1_38' title='bbox 503 554 643 608; x_wconf 71' lang='lat' dir='ltr'><strong>contusam</strong></span> <span class='ocrx_word' id='word_1_39' title='bbox 653 556 757 624; x_wconf 84' lang='lat' dir='ltr'><strong>impiol</strong></span> 
     </span>
     <span class='ocr_line' id='line_1_8' title="bbox 131 624 760 695; baseline -0.008 -14"><span class='ocrx_word' id='word_1_40' title='bbox 131 628 233 695; x_wconf 80' lang='lat' dir='ltr'>Perge,</span> <span class='ocrx_word' id='word_1_41' title='bbox 246 632 274 679; x_wconf 87' lang='lat' dir='ltr'><strong>et</strong></span> <span class='ocrx_word' id='word_1_42' title='bbox 283 624 406 679; x_wconf 80' lang='lat' dir='ltr'><strong>nefandis</strong></span> <span class='ocrx_word' id='word_1_43' title='bbox 415 632 492 677; x_wconf 85' lang='lat' dir='ltr'><strong>verte</strong></span> <span class='ocrx_word' id='word_1_44' title='bbox 503 630 629 677; x_wconf 85' lang='lat' dir='ltr'><strong>naturam</strong></span> <span class='ocrx_word' id='word_1_45' title='bbox 638 625 760 695; x_wconf 81' lang='lat' dir='ltr'><strong>ignibus!</strong></span> 
     </span>
    </p>

    <p class='ocr_par' dir='ltr' id='par_1_4' title="bbox 71 692 806 749">
     <span class='ocr_line' id='line_1_9' title="bbox 71 692 806 749; baseline 0 -2"><span class='ocrx_word' id='word_1_46' title='bbox 71 696 122 749; x_wconf 81' lang='grc'><strong>115</strong></span> <span class='ocrx_word' id='word_1_47' title='bbox 135 699 189 748; x_wconf 86' lang='lat' dir='ltr'><strong>Cur</strong></span> <span class='ocrx_word' id='word_1_48' title='bbox 198 700 320 748; x_wconf 87' lang='lat' dir='ltr'><strong>monstra</strong></span> <span class='ocrx_word' id='word_1_49' title='bbox 331 692 457 747; x_wconf 73' lang='lat' dir='ltr'><strong>cessanti</strong></span> <span class='ocrx_word' id='word_1_50' title='bbox 472 692 535 744; x_wconf 83' lang='lat' dir='ltr'><strong>aula</strong></span> <span class='ocrx_word' id='word_1_51' title='bbox 545 708 594 745; x_wconf 87' lang='lat' dir='ltr'><strong>cur</strong></span> <span class='ocrx_word' id='word_1_52' title='bbox 603 693 696 748; x_wconf 74' lang='lat' dir='ltr'><strong>fratris</strong></span> <span class='ocrx_word' id='word_1_53' title='bbox 706 696 806 749; x_wconf 73' lang='lat' dir='ltr'><strong>receti</strong></span> 
     </span>
    </p>

    <p class='ocr_par' dir='ltr' id='par_1_5' title="bbox 131 763 668 833">
     <span class='ocr_line' id='line_1_10' title="bbox 131 763 668 833; baseline 0 -15"><span class='ocrx_word' id='word_1_54' title='bbox 131 766 262 833; x_wconf 78' lang='lat' dir='ltr'><strong>Prodigia</strong></span> <span class='ocrx_word' id='word_1_55' title='bbox 271 766 354 814; x_wconf 87' lang='lat' dir='ltr'><strong>toties</strong></span> <span class='ocrx_word' id='word_1_56' title='bbox 365 763 439 815; x_wconf 84' lang='lat' dir='ltr'><strong>orbis</strong></span> <span class='ocrx_word' id='word_1_57' title='bbox 447 763 556 815; x_wconf 85' lang='lat' dir='ltr'><strong>insueta</strong></span> <span class='ocrx_word' id='word_1_58' title='bbox 565 763 668 829; x_wconf 78' lang='lat' dir='ltr'><strong>audiet,</strong></span> 
     </span>
    </p>

    <p class='ocr_par' dir='ltr' id='par_1_6' title="bbox 132 831 614 899">
     <span class='ocr_line' id='line_1_11' title="bbox 132 831 614 899; baseline -0.002 -13"><span class='ocrx_word' id='word_1_59' title='bbox 132 834 239 886; x_wconf 81' lang='lat' dir='ltr'><strong>Nature</strong></span> <span class='ocrx_word' id='word_1_60' title='bbox 250 834 332 885; x_wconf 85' lang='lat' dir='ltr'><strong>toties</strong></span> <span class='ocrx_word' id='word_1_61' title='bbox 342 831 446 899; x_wconf 90' lang='lat' dir='ltr'><strong>legibus</strong></span> <span class='ocrx_word' id='word_1_62' title='bbox 458 831 614 898; x_wconf 66' lang='lat' dir='ltr'><strong>sedensue,</strong></span> 
     </span>
    </p>

    <p class='ocr_par' dir='ltr' id='par_1_7' title="bbox 133 898 847 1040">
     <span class='ocr_line' id='line_1_12' title="bbox 133 898 847 970; baseline 0.008 -16"><span class='ocrx_word' id='word_1_63' title='bbox 133 905 247 965; x_wconf 78' lang='lat' dir='ltr'><strong>Quoties</strong></span> <span class='ocrx_word' id='word_1_64' title='bbox 259 902 360 955; x_wconf 86' lang='lat' dir='ltr'><strong>amabit</strong></span> <span class='ocrx_word' id='word_1_65' title='bbox 370 898 484 953; x_wconf 75' lang='lat' dir='ltr'><strong>crestal</strong></span> <span class='ocrx_word' id='word_1_66' title='bbox 494 913 547 952; x_wconf 70' lang='grc' dir='ltr'><strong>ΡΗ.</strong></span> <span class='ocrx_word' id='word_1_67' title='bbox 563 900 640 964; x_wconf 75' lang='lat' dir='ltr'><strong>Quae</strong></span> <span class='ocrx_word' id='word_1_68' title='bbox 649 915 801 970; x_wconf 83' lang='lat' dir='ltr'><strong>memoras,</strong></span> <span class='ocrx_word' id='word_1_69' title='bbox 816 920 847 960; x_wconf 71' lang='lat' dir='ltr'><strong>se</strong></span> 
     </span>
     <span class='ocr_line' id='line_1_13' title="bbox 133 967 803 1040; baseline 0 -15"><span class='ocrx_word' id='word_1_70' title='bbox 133 972 208 1025; x_wconf 86' lang='lat' dir='ltr'><strong>Vere</strong></span> <span class='ocrx_word' id='word_1_71' title='bbox 218 988 291 1036; x_wconf 86' lang='lat' dir='ltr'><strong>esse,</strong></span> <span class='ocrx_word' id='word_1_72' title='bbox 301 972 407 1036; x_wconf 81' lang='lat' dir='ltr'><strong>nutrix3</strong></span> <span class='ocrx_word' id='word_1_73' title='bbox 418 967 467 1023; x_wconf 85' lang='lat' dir='ltr'><strong>sed</strong></span> <span class='ocrx_word' id='word_1_74' title='bbox 476 968 554 1022; x_wconf 78' lang='lat' dir='ltr'><strong>furor</strong></span> <span class='ocrx_word' id='word_1_75' title='bbox 565 971 640 1039; x_wconf 87' lang='lat' dir='ltr'><strong>cogit</strong></span> <span class='ocrx_word' id='word_1_76' title='bbox 649 974 727 1040; x_wconf 82' lang='lat' dir='ltr'><strong>sequi</strong></span> <span class='ocrx_word' id='word_1_77' title='bbox 799 982 803 989; x_wconf 88' lang='lat'>&#39;</span> 
     </span>
    </p>

    <p class='ocr_par' dir='ltr' id='par_1_8' title="bbox 72 1039 810 1314">
     <span class='ocr_line' id='line_1_14' title="bbox 72 1039 755 1108; baseline 0.009 -17"><span class='ocrx_word' id='word_1_78' title='bbox 72 1041 123 1093; x_wconf 86' lang='grc'><strong>180</strong></span> <span class='ocrx_word' id='word_1_79' title='bbox 133 1040 241 1094; x_wconf 86' lang='lat' dir='ltr'><strong>Peiora.</strong></span> <span class='ocrx_word' id='word_1_80' title='bbox 276 1041 361 1095; x_wconf 85' lang='lat' dir='ltr'><strong>Vadit</strong></span> <span class='ocrx_word' id='word_1_81' title='bbox 371 1040 476 1093; x_wconf 78' lang='lat' dir='ltr'><strong>anunus</strong></span> <span class='ocrx_word' id='word_1_82' title='bbox 484 1039 513 1091; x_wconf 88' lang='lat' dir='ltr'><strong>lu</strong></span> <span class='ocrx_word' id='word_1_83' title='bbox 522 1053 654 1108; x_wconf 89' lang='lat' dir='ltr'><strong>praeceps</strong></span> <span class='ocrx_word' id='word_1_84' title='bbox 665 1043 755 1097; x_wconf 84' lang='lat' dir='ltr'><strong>sciens</strong></span> 
     </span>
     <span class='ocr_line' id='line_1_15' title="bbox 130 1109 810 1178; baseline 0.004 -16"><span class='ocrx_word' id='word_1_85' title='bbox 130 1110 314 1178; x_wconf 87' lang='lat' dir='ltr'><strong>Remeatque,</strong></span> <span class='ocrx_word' id='word_1_86' title='bbox 324 1109 429 1161; x_wconf 84' lang='lat' dir='ltr'><strong>frustra</strong></span> <span class='ocrx_word' id='word_1_87' title='bbox 438 1122 504 1169; x_wconf 79' lang='lat' dir='ltr'><strong>seue</strong></span> <span class='ocrx_word' id='word_1_88' title='bbox 515 1109 629 1161; x_wconf 88' lang='lat' dir='ltr'><strong>consilia</strong></span> <span class='ocrx_word' id='word_1_89' title='bbox 637 1109 781 1178; x_wconf 79' lang='lat' dir='ltr'><strong>adpetens.</strong></span> <span class='ocrx_word' id='word_1_90' title='bbox 794 1131 810 1143; x_wconf 79' lang='grc'><em>·</em></span> 
     </span>
     <span class='ocr_line' id='line_1_16' title="bbox 132 1176 728 1248; baseline 0.003 -17"><span class='ocrx_word' id='word_1_91' title='bbox 132 1179 178 1232; x_wconf 85' lang='lat' dir='ltr'><strong>Sic</strong></span> <span class='ocrx_word' id='word_1_92' title='bbox 189 1194 251 1230; x_wconf 88' lang='lat' dir='ltr'><strong>cum</strong></span> <span class='ocrx_word' id='word_1_93' title='bbox 259 1184 401 1248; x_wconf 76' lang='lat' dir='ltr'><strong>gravatam</strong></span> <span class='ocrx_word' id='word_1_94' title='bbox 412 1178 505 1229; x_wconf 75' lang='lat' dir='ltr'><strong>navita</strong></span> <span class='ocrx_word' id='word_1_95' title='bbox 515 1176 631 1231; x_wconf 72' lang='lat' dir='ltr'><strong>adversa</strong></span> <span class='ocrx_word' id='word_1_96' title='bbox 640 1184 728 1233; x_wconf 77' lang='lat' dir='ltr'><strong>rubeus</strong></span> 
     </span>
     <span class='ocr_line' id='line_1_17' title="bbox 130 1246 692 1314; baseline -0.002 -12"><span class='ocrx_word' id='word_1_97' title='bbox 130 1249 263 1314; x_wconf 83' lang='lat' dir='ltr'><strong>Propellit</strong></span> <span class='ocrx_word' id='word_1_98' title='bbox 272 1249 359 1310; x_wconf 89' lang='lat' dir='ltr'><strong>unda,</strong></span> <span class='ocrx_word' id='word_1_99' title='bbox 370 1247 443 1299; x_wconf 88' lang='lat' dir='ltr'><strong>cedit</strong></span> <span class='ocrx_word' id='word_1_100' title='bbox 451 1247 480 1298; x_wconf 90' lang='lat' dir='ltr'><strong>iu</strong></span> <span class='ocrx_word' id='word_1_101' title='bbox 489 1260 588 1299; x_wconf 76' lang='lat' dir='ltr'><strong>vanum</strong></span> <span class='ocrx_word' id='word_1_102' title='bbox 595 1246 692 1314; x_wconf 89' lang='lat' dir='ltr'><strong>labor,</strong></span> 
     </span>
    </p>

    <p class='ocr_par' dir='ltr' id='par_1_9' title="bbox 130 1315 680 1384">
     <span class='ocr_line' id='line_1_18' title="bbox 130 1315 680 1384; baseline 0 -14"><span class='ocrx_word' id='word_1_103' title='bbox 130 1319 167 1370; x_wconf 87' lang='lat' dir='ltr'><strong>Et</strong></span> <span class='ocrx_word' id='word_1_104' title='bbox 178 1319 250 1370; x_wconf 79' lang='lat' dir='ltr'><strong>ricta</strong></span> <span class='ocrx_word' id='word_1_105' title='bbox 259 1331 347 1384; x_wconf 89' lang='lat' dir='ltr'><strong>prono</strong></span> <span class='ocrx_word' id='word_1_106' title='bbox 359 1316 458 1383; x_wconf 87' lang='lat' dir='ltr'><strong>puppis</strong></span> <span class='ocrx_word' id='word_1_107' title='bbox 469 1315 680 1371; x_wconf 82' lang='lat' dir='ltr'><strong>auferturvado.</strong></span> 
     </span>
    </p>

    <p class='ocr_par' dir='ltr' id='par_1_10' title="bbox 71 1384 796 1731">
     <span class='ocr_line' id='line_1_19' title="bbox 71 1384 736 1455; baseline 0.003 -16"><span class='ocrx_word' id='word_1_108' title='bbox 71 1387 121 1441; x_wconf 82' lang='lat'><strong>185</strong></span> <span class='ocrx_word' id='word_1_109' title='bbox 134 1386 205 1449; x_wconf 74' lang='lat' dir='ltr'><strong>Quid</strong></span> <span class='ocrx_word' id='word_1_110' title='bbox 216 1388 288 1438; x_wconf 87' lang='lat' dir='ltr'><strong>ratio</strong></span> <span class='ocrx_word' id='word_1_111' title='bbox 296 1384 401 1454; x_wconf 74' lang='lat' dir='ltr'><strong>possiti</strong></span> <span class='ocrx_word' id='word_1_112' title='bbox 411 1384 485 1437; x_wconf 90' lang='lat' dir='ltr'><strong>Vicit</strong></span> <span class='ocrx_word' id='word_1_113' title='bbox 496 1400 530 1436; x_wconf 91' lang='lat' dir='ltr'><strong>ae</strong></span> <span class='ocrx_word' id='word_1_114' title='bbox 540 1392 638 1454; x_wconf 84' lang='lat' dir='ltr'><strong>regnat</strong></span> <span class='ocrx_word' id='word_1_115' title='bbox 648 1385 736 1455; x_wconf 84' lang='lat' dir='ltr'><strong>luror,</strong></span> 
     </span>
     <span class='ocr_line' id='line_1_20' title="bbox 130 1453 722 1524; baseline 0.002 -14"><span class='ocrx_word' id='word_1_116' title='bbox 130 1457 297 1524; x_wconf 87' lang='lat' dir='ltr'><strong>Potiensque</strong></span> <span class='ocrx_word' id='word_1_117' title='bbox 307 1461 369 1507; x_wconf 88' lang='lat' dir='ltr'><strong>tota</strong></span> <span class='ocrx_word' id='word_1_118' title='bbox 377 1458 468 1507; x_wconf 89' lang='lat' dir='ltr'><strong>mente</strong></span> <span class='ocrx_word' id='word_1_119' title='bbox 479 1453 636 1509; x_wconf 80' lang='lat' dir='ltr'><strong>donrinatur</strong></span> <span class='ocrx_word' id='word_1_120' title='bbox 646 1458 722 1510; x_wconf 89' lang='lat' dir='ltr'><strong>deus.</strong></span> 
     </span>
     <span class='ocr_line' id='line_1_21' title="bbox 129 1522 757 1594; baseline 0.003 -16"><span class='ocrx_word' id='word_1_121' title='bbox 129 1528 198 1590; x_wconf 88' lang='lat' dir='ltr'><strong>llic,</strong></span> <span class='ocrx_word' id='word_1_122' title='bbox 209 1526 334 1589; x_wconf 74' lang='lat' dir='ltr'><strong>volucer,</strong></span> <span class='ocrx_word' id='word_1_123' title='bbox 347 1524 419 1575; x_wconf 88' lang='lat' dir='ltr'><strong>omni</strong></span> <span class='ocrx_word' id='word_1_124' title='bbox 429 1522 514 1590; x_wconf 86' lang='lat' dir='ltr'><strong>pollet</strong></span> <span class='ocrx_word' id='word_1_125' title='bbox 523 1525 551 1576; x_wconf 92' lang='lat' dir='ltr'><strong>in</strong></span> <span class='ocrx_word' id='word_1_126' title='bbox 562 1529 638 1579; x_wconf 86' lang='lat' dir='ltr'><strong>terre</strong></span> <span class='ocrx_word' id='word_1_127' title='bbox 646 1532 757 1594; x_wconf 84' lang='lat' dir='ltr'><strong>potens,</strong></span> 
     </span>
     <span class='ocr_line' id='line_1_22' title="bbox 130 1593 796 1664; baseline 0.003 -16"><span class='ocrx_word' id='word_1_128' title='bbox 130 1595 305 1664; x_wconf 73' lang='lat' dir='ltr'><strong>laesumque</strong></span> <span class='ocrx_word' id='word_1_129' title='bbox 316 1593 432 1647; x_wconf 84' lang='lat' dir='ltr'><strong>flammis</strong></span> <span class='ocrx_word' id='word_1_130' title='bbox 441 1598 531 1646; x_wconf 86' lang='lat' dir='ltr'><strong>torret</strong></span> <span class='ocrx_word' id='word_1_131' title='bbox 539 1594 679 1649; x_wconf 77' lang='lat' dir='ltr'><strong>indomitis</strong></span> <span class='ocrx_word' id='word_1_132' title='bbox 687 1597 796 1662; x_wconf 78' lang='lat' dir='ltr'><strong>lerem3</strong></span> 
     </span>
     <span class='ocr_line' id='line_1_23' title="bbox 130 1662 664 1731; baseline 0.004 -15"><span class='ocrx_word' id='word_1_133' title='bbox 130 1665 267 1718; x_wconf 86' lang='lat' dir='ltr'><strong>Gradivus</strong></span> <span class='ocrx_word' id='word_1_134' title='bbox 276 1667 345 1716; x_wconf 81' lang='lat' dir='ltr'><strong>istas</strong></span> <span class='ocrx_word' id='word_1_135' title='bbox 353 1662 467 1731; x_wconf 84' lang='lat' dir='ltr'><strong>belliger</strong></span> <span class='ocrx_word' id='word_1_136' title='bbox 477 1665 563 1716; x_wconf 84' lang='lat' dir='ltr'><strong>sensit</strong></span> <span class='ocrx_word' id='word_1_137' title='bbox 571 1662 664 1730; x_wconf 80' lang='lat' dir='ltr'><strong>iaees3</strong></span> 
     </span>
    </p>

    <p class='ocr_par' dir='ltr' id='par_1_11' title="bbox 69 1730 663 1802">
     <span class='ocr_line' id='line_1_24' title="bbox 69 1730 663 1802; baseline 0.002 -16"><span class='ocrx_word' id='word_1_138' title='bbox 69 1733 122 1786; x_wconf 77' lang='lat' dir='ltr'><strong>teo</strong></span> <span class='ocrx_word' id='word_1_139' title='bbox 132 1734 155 1785; x_wconf 89' lang='grc' dir='ltr'><strong>Ο</strong></span> <span class='ocrx_word' id='word_1_140' title='bbox 159 1734 234 1802; x_wconf 79' lang='lat' dir='ltr'><strong>pilax</strong></span> <span class='ocrx_word' id='word_1_141' title='bbox 244 1733 348 1785; x_wconf 86' lang='lat' dir='ltr'><strong>trisulci</strong></span> <span class='ocrx_word' id='word_1_142' title='bbox 358 1730 476 1784; x_wconf 87' lang='lat' dir='ltr'><strong>fulminis</strong></span> <span class='ocrx_word' id='word_1_143' title='bbox 487 1734 572 1784; x_wconf 89' lang='lat' dir='ltr'><strong>sensit</strong></span> <span class='ocrx_word' id='word_1_144' title='bbox 582 1733 663 1798; x_wconf 87' lang='lat' dir='ltr'><strong>deus,</strong></span> 
     </span>
    </p>

    <p class='ocr_par' dir='ltr' id='par_1_12' title="bbox 129 1800 749 2079">
     <span class='ocr_line' id='line_1_25' title="bbox 130 1800 709 1871; baseline 0.005 -17"><span class='ocrx_word' id='word_1_145' title='bbox 130 1803 181 1867; x_wconf 86' lang='lat' dir='ltr'><strong>Et,</strong></span> <span class='ocrx_word' id='word_1_146' title='bbox 192 1804 238 1871; x_wconf 86' lang='lat' dir='ltr'><strong>qui</strong></span> <span class='ocrx_word' id='word_1_147' title='bbox 248 1801 371 1854; x_wconf 81' lang='lat' dir='ltr'><strong>furentes</strong></span> <span class='ocrx_word' id='word_1_148' title='bbox 381 1814 490 1869; x_wconf 90' lang='lat' dir='ltr'><strong>semper</strong></span> <span class='ocrx_word' id='word_1_149' title='bbox 498 1800 627 1854; x_wconf 83' lang='lat' dir='ltr'><strong>Aetnaeis</strong></span> <span class='ocrx_word' id='word_1_150' title='bbox 637 1804 709 1871; x_wconf 83' lang='lat' dir='ltr'><strong>iugis</strong></span> 
     </span>
     <span class='ocr_line' id='line_1_26' title="bbox 129 1870 708 1939; baseline 0 -16"><span class='ocrx_word' id='word_1_151' title='bbox 129 1871 231 1926; x_wconf 84' lang='lat' dir='ltr'><strong>Versat</strong></span> <span class='ocrx_word' id='word_1_152' title='bbox 242 1873 375 1933; x_wconf 84' lang='lat' dir='ltr'><strong>caminos,</strong></span> <span class='ocrx_word' id='word_1_153' title='bbox 385 1870 448 1939; x_wconf 85' lang='lat' dir='ltr'><strong>igne</strong></span> <span class='ocrx_word' id='word_1_154' title='bbox 459 1874 516 1920; x_wconf 86' lang='lat' dir='ltr'><strong>tem</strong></span> <span class='ocrx_word' id='word_1_155' title='bbox 526 1883 611 1938; x_wconf 84' lang='lat' dir='ltr'><strong>parvo</strong></span> <span class='ocrx_word' id='word_1_156' title='bbox 624 1872 708 1938; x_wconf 84' lang='lat' dir='ltr'><strong>calet3</strong></span> 
     </span>
     <span class='ocr_line' id='line_1_27' title="bbox 129 1937 749 2010; baseline 0.005 -18"><span class='ocrx_word' id='word_1_157' title='bbox 129 1940 275 2009; x_wconf 87' lang='lat' dir='ltr'><strong>Ipsumque</strong></span> <span class='ocrx_word' id='word_1_158' title='bbox 285 1939 441 2004; x_wconf 85' lang='lat' dir='ltr'><strong>Phoebum,</strong></span> <span class='ocrx_word' id='word_1_159' title='bbox 451 1937 508 1992; x_wconf 90' lang='lat' dir='ltr'><strong>tela</strong></span> <span class='ocrx_word' id='word_1_160' title='bbox 518 1940 564 2007; x_wconf 89' lang='lat' dir='ltr'><strong>qui</strong></span> <span class='ocrx_word' id='word_1_161' title='bbox 574 1955 657 1994; x_wconf 81' lang='lat' dir='ltr'><strong>nervo</strong></span> <span class='ocrx_word' id='word_1_162' title='bbox 668 1941 749 2010; x_wconf 87' lang='lat' dir='ltr'><strong>regit,</strong></span> 
     </span>
     <span class='ocr_line' id='line_1_28' title="bbox 130 2007 608 2079; baseline 0 -18"><span class='ocrx_word' id='word_1_163' title='bbox 130 2011 203 2077; x_wconf 81' lang='lat' dir='ltr'><strong>Figit</strong></span> <span class='ocrx_word' id='word_1_164' title='bbox 213 2011 315 2079; x_wconf 87' lang='lat' dir='ltr'><strong>sagitta</strong></span> <span class='ocrx_word' id='word_1_165' title='bbox 326 2009 427 2063; x_wconf 83' lang='lat' dir='ltr'><strong>certior</strong></span> <span class='ocrx_word' id='word_1_166' title='bbox 437 2007 521 2060; x_wconf 89' lang='lat' dir='ltr'><strong>missa</strong></span> <span class='ocrx_word' id='word_1_167' title='bbox 531 2023 608 2076; x_wconf 88' lang='lat' dir='ltr'><strong>puer,</strong></span> 
     </span>
    </p>

    <p class='ocr_par' dir='ltr' id='par_1_13' title="bbox 68 2078 847 2287">
     <span class='ocr_line' id='line_1_29' title="bbox 68 2078 745 2148; baseline 0.007 -20"><span class='ocrx_word' id='word_1_168' title='bbox 68 2078 120 2129; x_wconf 72' lang='lat'><strong>195</strong></span> <span class='ocrx_word' id='word_1_169' title='bbox 134 2080 291 2148; x_wconf 81' lang='lat' dir='ltr'><strong>l&#39;olitatque</strong></span> <span class='ocrx_word' id='word_1_170' title='bbox 303 2079 380 2132; x_wconf 90' lang='lat' dir='ltr'><strong>coelo</strong></span> <span class='ocrx_word' id='word_1_171' title='bbox 391 2079 495 2147; x_wconf 86' lang='lat' dir='ltr'><strong>pariter</strong></span> <span class='ocrx_word' id='word_1_172' title='bbox 505 2084 533 2130; x_wconf 89' lang='lat' dir='ltr'><strong>et</strong></span> <span class='ocrx_word' id='word_1_173' title='bbox 542 2084 634 2133; x_wconf 85' lang='lat' dir='ltr'><strong>terrae</strong></span> <span class='ocrx_word' id='word_1_174' title='bbox 643 2080 745 2147; x_wconf 76' lang='lat' dir='ltr'><strong>gravis</strong></span> 
     </span>
     <span class='ocr_line' id='line_1_30' title="bbox 130 2148 847 2216; baseline 0.011 -18"><span class='ocrx_word' id='word_1_175' title='bbox 130 2162 231 2200; x_wconf 72' lang='lat' dir='ltr'><strong>seru.</strong></span> <span class='ocrx_word' id='word_1_176' title='bbox 249 2149 339 2202; x_wconf 88' lang='lat' dir='ltr'><strong>Deum</strong></span> <span class='ocrx_word' id='word_1_177' title='bbox 350 2162 410 2202; x_wconf 88' lang='lat' dir='ltr'><strong>esse</strong></span> <span class='ocrx_word' id='word_1_178' title='bbox 422 2162 559 2213; x_wconf 86' lang='lat' dir='ltr'><strong>amorem,</strong></span> <span class='ocrx_word' id='word_1_179' title='bbox 569 2149 657 2216; x_wconf 86' lang='lat' dir='ltr'><strong>turpis</strong></span> <span class='ocrx_word' id='word_1_180' title='bbox 668 2149 769 2204; x_wconf 81' lang='lat' dir='ltr'><strong>etntto</strong></span> <span class='ocrx_word' id='word_1_181' title='bbox 777 2148 847 2206; x_wconf 73' lang='lat' dir='ltr'><strong>{urm</strong></span> 
     </span>
     <span class='ocr_line' id='line_1_31' title="bbox 129 2217 660 2287; baseline 0.004 -17"><span class='ocrx_word' id='word_1_182' title='bbox 129 2217 221 2270; x_wconf 82' lang='lat' dir='ltr'><strong>Finxit</strong></span> <span class='ocrx_word' id='word_1_183' title='bbox 232 2217 328 2283; x_wconf 87' lang='lat' dir='ltr'><strong>libido;</strong></span> <span class='ocrx_word' id='word_1_184' title='bbox 340 2233 448 2287; x_wconf 78' lang='lat' dir='ltr'><strong>qusque</strong></span> <span class='ocrx_word' id='word_1_185' title='bbox 457 2218 568 2271; x_wconf 85' lang='lat' dir='ltr'><strong>liberior</strong></span> <span class='ocrx_word' id='word_1_186' title='bbox 578 2219 660 2280; x_wconf 81' lang='lat' dir='ltr'><strong>foret,</strong></span> 
     </span>
    </p>

    <p class='ocr_par' dir='ltr' id='par_1_14' title="bbox 130 2283 671 2423">
     <span class='ocr_line' id='line_1_32' title="bbox 130 2283 671 2341; baseline 0.004 -4"><span class='ocrx_word' id='word_1_187' title='bbox 130 2283 252 2337; x_wconf 91' lang='lat' dir='ltr'><strong>Titulum</strong></span> <span class='ocrx_word' id='word_1_188' title='bbox 261 2285 349 2339; x_wconf 87' lang='lat' dir='ltr'><strong>furori</strong></span> <span class='ocrx_word' id='word_1_189' title='bbox 358 2288 474 2339; x_wconf 89' lang='lat' dir='ltr'><strong>numinis</strong></span> <span class='ocrx_word' id='word_1_190' title='bbox 485 2285 549 2339; x_wconf 78' lang='lat' dir='ltr'><strong>falsi</strong></span> <span class='ocrx_word' id='word_1_191' title='bbox 559 2288 671 2341; x_wconf 86' lang='lat' dir='ltr'><strong>addidit.</strong></span> 
     </span>
     <span class='ocr_line' id='line_1_33' title="bbox 130 2354 652 2423; baseline 0.002 -16"><span class='ocrx_word' id='word_1_192' title='bbox 130 2354 232 2407; x_wconf 87' lang='lat' dir='ltr'><strong>Natum</strong></span> <span class='ocrx_word' id='word_1_193' title='bbox 241 2370 290 2423; x_wconf 87' lang='lat' dir='ltr'><strong>per</strong></span> <span class='ocrx_word' id='word_1_194' title='bbox 301 2371 394 2410; x_wconf 88' lang='lat' dir='ltr'><strong>omnes</strong></span> <span class='ocrx_word' id='word_1_195' title='bbox 403 2357 509 2409; x_wconf 91' lang='lat' dir='ltr'><strong>scilieet</strong></span> <span class='ocrx_word' id='word_1_196' title='bbox 519 2361 608 2410; x_wconf 87' lang='lat' dir='ltr'><strong>terres</strong></span> <span class='ocrx_word' id='word_1_197' title='bbox 617 2372 652 2409; x_wconf 82' lang='lat' dir='ltr'><strong>va</strong></span> 
     </span>
    </p>

    <p class='ocr_par' dir='ltr' id='par_1_15' title="bbox 71 2424 821 2698">
     <span class='ocr_line' id='line_1_34' title="bbox 71 2424 713 2493; baseline 0.011 -20"><span class='ocrx_word' id='word_1_198' title='bbox 71 2424 123 2477; x_wconf 83' lang='lat'><strong>200</strong></span> <span class='ocrx_word' id='word_1_199' title='bbox 132 2424 253 2490; x_wconf 82' lang='lat' dir='ltr'><strong>Erycina</strong></span> <span class='ocrx_word' id='word_1_200' title='bbox 262 2425 359 2478; x_wconf 83' lang='lat' dir='ltr'><strong>mittit!</strong></span> <span class='ocrx_word' id='word_1_201' title='bbox 381 2425 429 2478; x_wconf 94' lang='lat' dir='ltr'><strong>llle</strong></span> <span class='ocrx_word' id='word_1_202' title='bbox 439 2425 607 2493; x_wconf 87' lang='lat' dir='ltr'><strong>percoelum</strong></span> <span class='ocrx_word' id='word_1_203' title='bbox 617 2442 652 2480; x_wconf 81' lang='lat' dir='ltr'><strong>vo</strong></span> <span class='ocrx_word' id='word_1_204' title='bbox 663 2441 713 2480; x_wconf 85' lang='lat' dir='ltr'><strong>ans</strong></span> 
     </span>
     <span class='ocr_line' id='line_1_35' title="bbox 130 2489 656 2560; baseline 0.006 -16"><span class='ocrx_word' id='word_1_205' title='bbox 130 2489 264 2546; x_wconf 81' lang='lat' dir='ltr'><strong>Proterra</strong></span> <span class='ocrx_word' id='word_1_206' title='bbox 273 2499 368 2548; x_wconf 88' lang='lat' dir='ltr'><strong>tenera</strong></span> <span class='ocrx_word' id='word_1_207' title='bbox 378 2495 435 2547; x_wconf 92' lang='lat' dir='ltr'><strong>tela</strong></span> <span class='ocrx_word' id='word_1_208' title='bbox 445 2494 556 2547; x_wconf 87' lang='lat' dir='ltr'><strong>molitur</strong></span> <span class='ocrx_word' id='word_1_209' title='bbox 564 2510 656 2560; x_wconf 82' lang='lat' dir='ltr'><strong>menn,</strong></span> 
     </span>
     <span class='ocr_line' id='line_1_36' title="bbox 130 2560 821 2632; baseline 0.013 -21"><span class='ocrx_word' id='word_1_210' title='bbox 130 2560 306 2631; x_wconf 79' lang='lat' dir='ltr'><strong>ltegnumque</strong></span> <span class='ocrx_word' id='word_1_211' title='bbox 317 2570 425 2617; x_wconf 85' lang='lat' dir='ltr'><strong>tentum</strong></span> <span class='ocrx_word' id='word_1_212' title='bbox 435 2564 561 2617; x_wconf 88' lang='lat' dir='ltr'><strong>minimus</strong></span> <span class='ocrx_word' id='word_1_213' title='bbox 572 2580 588 2617; x_wconf 88' lang='lat' dir='ltr'><strong>e</strong></span> <span class='ocrx_word' id='word_1_214' title='bbox 600 2564 714 2632; x_wconf 88' lang='lat' dir='ltr'><strong>Superis</strong></span> <span class='ocrx_word' id='word_1_215' title='bbox 724 2563 821 2619; x_wconf 77' lang='lat' dir='ltr'><strong>hebet!</strong></span> 
     </span>
     <span class='ocr_line' id='line_1_37' title="bbox 130 2630 704 2698; baseline 0.01 -19"><span class='ocrx_word' id='word_1_216' title='bbox 130 2630 210 2683; x_wconf 77' lang='lat' dir='ltr'><strong>vane</strong></span> <span class='ocrx_word' id='word_1_217' title='bbox 219 2633 273 2683; x_wconf 85' lang='lat' dir='ltr'><strong>ista</strong></span> <span class='ocrx_word' id='word_1_218' title='bbox 283 2633 393 2688; x_wconf 87' lang='lat' dir='ltr'><strong>demens</strong></span> <span class='ocrx_word' id='word_1_219' title='bbox 403 2635 508 2686; x_wconf 76' lang='lat' dir='ltr'><strong>animm</strong></span> <span class='ocrx_word' id='word_1_220' title='bbox 518 2634 635 2688; x_wconf 78' lang='lat' dir='ltr'><strong>adscivit</strong></span> <span class='ocrx_word' id='word_1_221' title='bbox 643 2633 704 2698; x_wconf 79' lang='lat' dir='ltr'><strong>sibi,</strong></span> 
     </span>
    </p>
   </div>
   <div class='ocr_carea' id='block_1_4' title="bbox 0 0 934 2970">
    <p class='ocr_par' dir='ltr' id='par_1_16' title="bbox 0 0 934 2970">
     <span class='ocr_line' id='line_1_38' title="bbox 0 0 934 2970; baseline 0 1"><span class='ocrx_word' id='word_1_222' title='bbox 0 0 934 2970; x_wconf 95' lang='lat' dir='ltr'><strong> </strong></span> 
     </span>
    </p>
   </div>
  </div>
 </body>
</html>
