1860 2970
95 121 146 172 aro
238 94 241 101 ’
286 114 321 166 u.
356 108 515 164 suanm
533 106 730 161 sunnone

172 217 348 285 Reddamque
358 212 457 266 vitam!
477 212 550 266 Fata
559 226 594 263 au
605 211 728 266 extendo
738 227 809 275 mea,

173 289 360 353 Memmique,
373 285 488 345 coniux,
499 282 535 334 ad
543 286 607 334 mas
617 296 700 333 servo
712 282 824 333 manuel

174 357 306 409 Virtusne
318 359 443 421 superest
453 353 560 419 aliqua,
571 355 601 402 et
612 356 739 403 armatae
748 366 844 402 manus

113 427 165 480 ete
176 425 321 478 Intendere
333 436 427 474 arcum
437 422 494 474 tela
503 422 648 472 missurum
658 420 770 482 valent3

174 498 216 547 An
226 508 302 545 arma
314 496 435 554 cessant,
446 497 528 558 teque
538 489 680 556 languenti
690 503 776 541 manu

174 564 238 617 Non
249 563 324 614 audit
335 558 433 612 arcusl
453 559 482 610 Si
493 565 587 626 potest
596 558 683 609 letum
694 558 780 610 dare:

174 634 318 692 Animosa,
331 630 447 691 coniux,
460 628 603 680 dexteram
615 631 737 694 expecto
746 633 838 677 tuarum

175 702 254 753 Mors
264 699 413 751 differatur.
448 697 763 765 Frange‚utinsontem
773 695 883 759 Licham

115 771 169 825 980
177 770 250 821 Alias
260 770 287 820 in
298 769 378 819 urbes
389 780 502 834 sparge,
515 771 544 817 et
552 768 678 832 ignotum
688 765 741 817 tibi

179 840 281 890 Emitte
291 838 320 888 in
332 835 438 888 orbem!
459 834 557 901 perde,
567 839 598 886 ut
607 833 746 886 Arcadiae
757 832 846 897 nefas,

178 909 216 958 Et
227 905 357 975 quidquid
368 904 442 958 aliud
452 902 566 956 restitit!
586 903 626 954 Ab
638 903 693 955 illis
703 908 809 967 tamen,

178 976 292 1039 Coniux,
303 975 407 1027 redisti.
425 988 504 1026 nun.
512 973 600 1025 Parce
610 973 675 1037 iam,
687 977 790 1037 mater,
804 982 896 1041 precor·

179 1045 294 1112 Ignosce
304 1043 381 1097 fatis!
402 1042 708 1109 Enoraculpavseac

120 1112 170 1167 985
183 1126 298 1164 narra.
310 1112 339 1165 Sl
349 1129 415 1166 vera
425 1111 622 1181 pietas‚Hylle‚
632 1112 797 1179 quaerenda
807 1108 898 1164 esttibi}

179 1181 239 1233 lam
248 1184 352 1248 perime
363 1181 492 1235 matrem!
508 1180 613 1234 Paride
623 1180 689 1248 quid
699 1184 795 1234 renuit
804 1172 898 1235 manus!

181 1250 253 1312 Quid
265 1265 314 1301 ora
323 1250 428 1304 flectis?
438 1253 503 1303 lloo
513 1251 565 1304 erit
575 1250 663 1318 pietas
675 1250 781 1304 scelus.

181 1320 297 1385 lgnave,
310 1319 434 1372 dubitant
453 1319 603 1373 Herculem
614 1320 703 1385 eripui
713 1319 781 1384 tibi3

183 1389 276 1452 llaec,
286 1386 355 1440 haec
367 1391 483 1456 peremit
494 1389 606 1452 dextra,
617 1389 662 1440 cui
674 1388 763 1441 debes
774 1389 844 1457 patri

123 1456 174 1509 990
184 1458 270 1509 Arum
281 1460 444 1510 Tonantem.
479 1458 571 1509 Maius
582 1458 670 1525 eripui
680 1458 778 1522 decus,

184 1527 272 1588 Quam
281 1527 343 1580 luce
353 1529 444 1580 tribui.
480 1526 508 1580 Si
518 1528 568 1579 tibi
577 1530 703 1595 ignotum
714 1534 759 1579 est
769 1524 856 1580 neiast

182 1597 202 1646 A
214 1603 303 1649 matre
314 1598 398 1648 disce.
434 1595 490 1648 Seu
508 1597 559 1648 tibi
569 1596 662 1665 iugulo
673 1597 770 1666 placet

184 1665 314 1718 Mersisse
325 1666 439 1730 ferrum,
451 1667 506 1718 sive
517 1673 671 1717 maternum
683 1666 754 1718 libet

184 1733 316 1786 invadere
326 1742 447 1785 uterum:
458 1740 548 1786 mater
555 1735 725 1802 intrepidum
736 1735 790 1787 tibi

124 1801 174 1856 995
185 1802 333 1856 Praebebit
344 1805 471 1856 animum.
491 1803 554 1855 Non
565 1805 617 1856 erit
627 1809 720 1855 totum
731 1805 824 1858 scelus

184 1872 206 1921 A
218 1877 245 1923 te
256 1879 411 1940 peractum:
423 1873 536 1924 dextera
546 1878 654 1925 sternar
663 1879 724 1937 tua,

186 1938 240 1992 Sed
251 1948 342 1993 mente
353 1947 456 1993 nostra.
494 1943 601 1993 Gnatus
611 1941 725 1995 Alcidae
735 1942 833 1995 times?
844 1962 847 1967 ·

185 2008 229 2060 lta
238 2010 312 2061 nulla
323 2026 439 2078 peragas
450 2013 537 2074 iussa,
549 2025 602 2064 nec
611 2010 745 2080 frangens
756 2013 830 2065 mala
922 2030 925 2037 ·

185 2078 268 2129 Erres
279 2095 328 2144 per
341 2081 448 2143 orbem;
460 2082 484 2132 si
494 2096 547 2147 qua
558 2085 688 2133 nascetur
699 2080 776 2133 ferar

108 2147 175 2200 1000
185 2145 299 2198 Referas
309 2155 459 2215 parentem.
495 2150 646 2201 Dexteram
655 2151 825 2218 intrepidam
837 2142 897 2219 para!

184 2215 267 2267 Patet
277 2218 355 2270 ecce!
376 2220 485 2286 plenum
496 2225 592 2286 pectus
604 2221 760 2273 aerumnis:
771 2220 835 2275 feri.
921 2202 926 2233 ¹

185 2282 279 2338 Scelus
289 2290 408 2340 remitto.
443 2289 582 2340 Dexterae
594 2296 710 2354 parcent
720 2296 789 2342 tuae

183 2355 347 2408 Eumenides
359 2360 443 2425 ipsae.
480 2357 634 2409 Verberum
646 2360 757 2426 crepuit
766 2356 859 2413 sonus!
921 2365 925 2405 ῑ

187 2424 327 2485 Quaenam
337 2428 406 2490 isla,
416 2432 546 2494 torquens
558 2442 647 2495 angue
656 2429 774 2495 vipereo
787 2436 890 2485 comant,
920 2410 924 2453 ¹

109 2488 177 2541 1005
190 2493 371 2560 Temporibus
382 2503 455 2546 atras
467 2496 596 2563 squalidis
607 2499 705 2563 pinnas
717 2496 826 2565 quatitl
919 2462 924 2547 i

189 2564 263 2631 Quid
275 2564 337 2617 dira
343 2582 389 2619 me
398 2564 534 2632 bagrante
540 2568 713 2629 persequeris
723 2566 789 2620 face

189 2635 347 2711 blegaorai
365 2633 583 2702 roenasposds
594 2631 719 2679 morundi
728 2632 836 2681 Bm·

694 2722 711 2745 X
