1860 2970
67 167 120 221 246
239 164 274 216 L.
309 159 467 216 ANNAEI
486 157 679 213 SENECAE

128 267 280 330 Danaides,
291 267 375 319 coiter
385 269 491 316 vestran
500 261 545 314 hic
556 262 614 314 dies
625 262 734 330 quaerit
741 276 805 315 man

128 337 248 388 Gravior‘
254 334 351 386 horum
362 338 453 401 poena
462 333 557 385 sedeat
568 333 692 400 coniugis
702 346 805 387 socero¹

66 405 117 458 750
128 405 263 457 Lubrieus
272 418 322 471 per
330 417 398 454 saxa
406 409 482 454 retro
494 399 641 467 Sisyphum
652 401 747 453 volvat
756 401 805 468 lapi

127 471 206 524 Nune
213 473 280 530 meis
291 475 391 523 vocata
400 471 485 522 saeris
496 471 618 521 noctium
628 470 703 522 sidus
713 471 784 535 reni,

127 542 265 594 Pessimos
275 539 371 592 induta
380 540 484 602 vultus,
495 537 586 590 fronte
601 553 656 589 non
673 555 730 590 una
744 541 805 591 mim

128 610 192 661 Tibi
201 624 277 660 more
287 608 375 676 gentis
385 608 493 659 vinculo
503 607 611 659 solvens
622 621 740 675 comam,

128 676 326 737 Secretanudo
335 691 448 727 nemora
456 677 568 727 lustravi
578 676 658 742 pede,

68 746 119 800 155
129 748 168 799 Et
178 745 289 798 evocavi
301 744 415 795 nubibus
425 746 505 796 siccis
516 759 610 810 aquas,
694 744 698 750 ’

129 816 235 882 Egique
246 813 281 864 ad
291 814 374 863 imum
385 815 484 874 maria,
496 818 525 863 et
536 813 662 864 Oceanus
672 827 772 882 graves

127 884 245 936 Interius
255 881 341 933 undas
353 881 472 932 aestibus
482 882 560 931 victis
572 881 659 947 dedit;
712 892 719 899 ’

128 952 290 1018 Pariterque
300 949 414 1001 mundus
426 949 486 1016 lege
498 948 613 1001 confusa
623 949 744 1004 aetheris

130 1021 168 1071 Et
178 1019 263 1070 solem
274 1024 302 1070 et
313 1023 388 1068 astra
397 1017 478 1080 vidit3
490 1023 518 1069 et
527 1019 641 1069 vetitum
652 1034 731 1072 mare

70 1087 121 1139 roo
133 1088 288 1154 Tetigistis,
298 1087 393 1138 Ursae.
429 1088 596 1154 Temporum
607 1086 671 1140 ssexi
681 1089 769 1142 sices!

129 1157 240 1208 Aestiva
250 1153 330 1206 tellus
341 1153 435 1206 floruit
445 1161 527 1206 cantu
537 1170 608 1220 meo,

130 1224 251 1275 Messem
262 1226 359 1276 coacta
367 1222 435 1274 vidit
447 1221 586 1275 hibernam
598 1225 690 1277 Ceres.

131 1291 261 1344 Violenta
269 1289 366 1343 Phasis
378 1293 461 1344 vertit
469 1293 498 1343 in
509 1291 613 1344 fontem
622 1294 705 1359 vada3

53 1394 59 1404 ·
131 1362 169 1412 Et
180 1360 263 1424 ister,
272 1361 301 1411 in
312 1364 356 1411 tot
368 1375 416 1412 ora
427 1360 542 1424 divisus,
553 1367 644 1414 truces

72 1427 122 1480 765
135 1430 300 1497 compressit
309 1429 410 1494 undas,
422 1431 546 1482 omnibus
557 1433 622 1497 ripis
632 1432 717 1500 piger.
794 1476 797 1481 .

131 1497 254 1551 Sonuere
265 1498 378 1563 fluctus,
388 1500 488 1550 tumuit
498 1500 622 1550 insanum
632 1516 719 1563 mare,

131 1568 357 1620 Tacentevento.
392 1567 517 1619 Nemoris
530 1569 632 1635 antiqui
642 1567 739 1622 domus

130 1637 227 1688 Amisit
236 1637 360 1688 umbram
369 1638 444 1688 vocis
453 1638 568 1703 imperio
579 1651 666 1689 meae·

132 1704 185 1756 Die
196 1705 291 1756 relicto
302 1705 431 1759 Phoebus
441 1707 469 1757 in
479 1705 570 1757 medio
583 1708 674 1769 stetit3

72 1773 123 1824 tib
134 1773 302 1841 Hyadesque
313 1775 413 1825 nostris
424 1775 546 1825 cantibus
556 1780 648 1826 motae
658 1776 762 1828 labant.

132 1841 234 1893 Adesse
244 1843 329 1893 sacris
341 1847 447 1907 tempus
459 1848 514 1904 est,
525 1842 652 1908 Phoebe,
664 1845 732 1895 tuis!

133 1911 198 1959 Tibi
208 1907 276 1960 haec
289 1917 401 1961 cruenta
411 1916 486 1961 serta
495 1916 626 1964 texuntur
636 1927 729 1977 manu,

131 1977 246 2029 Novana
258 1993 326 2045 quae
338 1992 450 2044 serpens
461 1979 543 2047 ligat:

132 2046 197 2097 Tibi
206 2043 290 2109 hacc,
306 2044 455 2112 Typhoeus
466 2045 590 2098 membra
607 2060 678 2115 quae
688 2049 795 2115 discors

71 2112 123 2165 '1⁶15
136 2114 189 2176 Qui
200 2127 284 2180 regna
294 2116 432 2165 concussit
444 2115 523 2166 Iovis.

132 2181 261 2233 Vectoris
272 2183 334 2232 istic
344 2182 440 2250 perfidi
451 2184 561 2251 sanguis
570 2184 650 2248 inest,

135 2251 222 2312 Quem
233 2247 334 2302 Nessus
346 2253 471 2317 expirans
482 2253 565 2304 dedit.

134 2320 254 2371 Oetaeus
263 2319 317 2370 isto
330 2322 419 2371 cinere
431 2320 532 2372 defecit
541 2336 634 2390 rogus,

136 2388 189 2449 Qui
199 2388 272 2440 virus
281 2388 446 2440 Herculeum
456 2390 533 2442 bibit.

73 2457 125 2509 780
136 2456 203 2508 Piae
213 2457 330 2518 sororis,
341 2459 440 2523 impiae
450 2460 559 2523 matris,
569 2458 660 2513 facem

133 2525 243 2579 Uitricis
255 2524 386 2578 Althaeae
394 2528 482 2582 rides.

120 2598 254 2670 Reliquit
264 2600 338 2653 istas
347 2599 424 2651 invio
433 2598 640 2665 piumasspecu

112 2672 274 2745 Harpyia,
287 2672 361 2726 dum
370 2671 468 2725 Zeten
476 2665 554 2732 iugit
