1860 2970
68 147 120 201 108
220 184 227 191 .
284 142 735 209 Ῑι.ΑΝΝΑΙ118ΕΝΕ(ΣΛΕ·

150 254 216 304 Cum
227 250 319 303 subito
331 253 439 301 vastum
448 251 548 300 tumuit
558 263 592 300 ex
603 249 659 302 alto
670 265 757 316 mare,
806 248 809 255 '
839 300 843 305 .

146 321 289 388 crevitque
299 321 327 368 in
335 325 421 387 astra.
452 318 550 370 'Nullus
560 321 676 385 inspirat
685 321 745 373 salo
816 378 820 385 ,

67 391 136 444 1010
145 390 264 453 Ventus3
277 389 361 455 quieti
371 387 445 438 nulla
455 403 519 453 pars
530 388 600 438 coeli
610 391 717 455 strepit,

146 458 342 524 Placidnmquo
353 457 465 524 pelagus
476 458 588 524 propria
596 454 748 524 tempestas
761 462 826 528 agit.

147 528 208 581 Non
218 533 310 578 tantus
320 527 418 577 Auster
429 524 521 576 Sicula
531 527 667 577 disturbat
675 526 759 592 freta,

146 597 205 650 Nec
214 602 271 647 tam
281 595 374 646 furens
386 594 479 645 Ionius
490 597 599 663 exurgit
608 597 682 647 sinus

145 667 286 735 Regnante
299 665 384 725 Coro,
396 677 464 714 saxa
475 679 536 715 cum
547 663 632 715 iluctu
642 670 773 732 tremunt,

67 736 135 791 1015
146 738 182 788 Et
192 749 261 786 cana
270 747 403 785 summum
412 747 511 798 spuma
519 733 660 784 Leucaten
672 733 746 785 ierit.

148 805 293 871 Consurgit
303 802 398 869 ingens
409 806 508 867 pontus
518 803 545 852 in
556 808 663 853 vastum
674 818 813 870 aggerem,

148 872 346 938 Tunudumque
357 875 479 921 monstro
490 871 602 938 pelagus
611 873 639 921 in
650 879 739 924 terras
749 875 811 925 ruit.

148 941 207 994 Nec
218 942 271 991 ista
281 940 385 990 ratibus
396 945 473 990 tanta
483 943 649 991 construitur
660 941 733 1004 lucs3

151 1011 245 1061 Terris
255 1010 380 1060 minatur.
416 1009 528 1060 Fluctus
539 1007 613 1060 haud
625 1025 706 1061 cursu
715 1009 769 1063 leti

68 1081 138 1134 1020
148 1078 334 1131 Provoliiturr
343 1079 438 1129 nescio
450 1077 512 1145 quid
526 1083 639 1129 onerato
650 1080 710 1129 sinu

151 1142 249 1200 Gravis
260 1146 333 1196 unda
343 1152 444 1211 portat.
481 1147 558 1208 Quae
568 1163 667 1198 novum
680 1148 760 1200 tellus
771 1154 854 1218 caput

149 1216 276 1268 Ostendit
287 1214 384 1266 astrisl
405 1215 502 1282 chlas
514 1218 636 1267 exoritur
647 1215 736 1269 novat

150 1285 272 1338 Latuere
282 1300 377 1351 rupes,
386 1299 486 1336 numen
496 1285 627 1351 Epidauri
639 1286 693 1348 dei,
736 1298 752 1333 c

150 1357 187 1408 Et
196 1354 298 1406 scelere
308 1360 403 1419 petrae
415 1354 517 1405 nobiles
530 1353 694 1418 Scironides,

71 1423 138 1478 1025
149 1427 186 1476 Et
197 1439 266 1492 quae
278 1418 383 1472 duobus
393 1427 469 1473 terra
481 1426 667 1490 comprimitur
677 1425 764 1477 fretis.

149 1495 228 1546 llaec
239 1493 302 1543 dum
313 1497 454 1558 stupentes
465 1495 613 1558 querimur:
627 1494 672 1545 en!
684 1501 773 1545 toturn
784 1509 854 1545 mare

149 1563 286 1631 immugit.
322 1562 423 1611 Omnes
434 1563 553 1628 undique
564 1565 670 1628 scopuli
680 1563 850 1631 adstrepunt.

145 1632 285 1684 Summum
297 1645 427 1682 cacumen
439 1636 515 1681 r'orat
526 1632 638 1698 expulso
650 1632 716 1694 sale,
784 1671 787 1677 .

70 1748 73 1753 .
150 1700 276 1767 spumat,
287 1701 424 1766 vomitque
435 1700 540 1751 ricibus
554 1702 664 1752 alternis
675 1717 776 1769 oquas3

70 1769 139 1822 1030
151 1770 242 1831 Qualis
253 1784 303 1836 per
313 1768 369 1819 alta
379 1767 488 1831 vehitur
498 1771 602 1822 Oceani
611 1769 685 1822 freta

147 1840 261 1890 Fluctus
270 1837 418 1889 refundens
430 1853 477 1890 ore
488 1837 621 1905 physeter
632 1853 727 1906 capax.

58 1907 61 1912 ’
147 1907 286 1959 inhorruit
297 1921 446 1957 concussus
458 1908 591 1961 undarum
604 1909 711 1975 globus,

151 1975 291 2042 Solvitquc
302 1990 362 2026 sese
369 2012 377 2038 ,
389 1981 418 2026 ct
427 1975 513 2027 littori
523 1979 627 2028 invexit
636 1979 738 2028 00100

148 2045 238 2096 Maius
250 2046 357 2095 timore.
392 2043 497 2096 Pontus
509 2047 648 2099 interram
660 2048 724 2108 ruit,

68 2113 136 2166 1035
148 2114 285 2182 Suumque
295 2118 447 2165 monstrum
454 2117 583 2182 sequitur.
595 2115 632 2167 Os
639 2120 751 2184 quassat
761 2122 854 2166 tremor

148 2197 249 2235 1111.
270 2184 336 2244 Quis
347 2181 456 2235 habitus
466 2184 511 2236 illc
523 2187 645 2251 corporis
657 2185 728 2235 vasti
739 2183 809 2235 fuiti

149 2267 251 2303 nour.
268 2253 409 2304 Herculea
419 2257 513 2304 taurus
525 2255 723 2305 collasublimis
735 2267 837 2320 gerens

147 2322 244 2373 Erexit
254 2322 337 2372 altam
349 2321 439 2373 fronte
449 2323 575 2374 viridanti
586 2323 691 2385 iubam3

147 2390 228 2442 Stant
236 2389 360 2457 hispidae
371 2406 466 2456 aures3
480 2393 572 2444 oribus
582 2394 672 2443 varius
685 2389 773 2453 color,

69 2461 137 2510 1010
149 2463 186 2511 Et
197 2475 276 2528 quem
287 2459 339 2511 feri
350 2461 504 2511 dominator
514 2459 654 2513 habuisset
665 2461 766 2528 gregis,

148 2531 186 2580 Et
196 2546 275 2596 quem
287 2530 420 2581 subundis
431 2537 511 2581 natus
523 2529 740 2591 (hinctlarnmam
750 2543 854 2579 romunt

148 2598 227 2648 Oculi
236 2597 299 2649 hinc
310 2599 433 2651 relucent
443 2600 553 2650 caerula
562 2602 681 2668 insignes
692 2601 787 2664 nota);

150 2667 248 2733 Opima
260 2669 352 2720 conix
363 2668 463 2720 arduos
473 2669 546 2721 tollit
557 2676 642 2732 toros,
