1860 2970
132 145 180 195 122
335 141 369 193 L.
395 137 554 192 ANNAEI
581 135 776 201 seducar

190 247 243 296 Aut
252 243 337 296 rerba
346 245 431 312 fingit
466 243 542 295 Mille
553 257 606 294 non
617 243 724 310 quaerit
734 243 792 310 tegi

189 313 272 364 Dires
284 314 428 376 columnis,
439 328 489 364 nee
498 313 591 364 trabes
600 311 686 362 multo
695 311 819 364 insolens

190 381 257 432 Sutli
278 382 384 432 'taurm
419 381 482 433 Non
492 395 574 432 eruor
583 380 675 447 largus
686 380 751 446 pias'

129 450 180 501 500
191 450 258 503 lnun
278 456 307 500 at
317 465 393 512 aras,
403 449 481 518 fruge
492 465 543 501 nee
552 449 639 515 sparsi
649 463 730 499 saera

189 520 310 571 Centena
320 520 390 570 nivei
402 520 472 570 cells
482 519 645 570 submittunt
656 516 756 577 boves3

190 585 245 637 Sed
255 602 318 639 rure
328 602 416 638 vacuo
427 588 545 653 petitur,
556 591 585 637 et
593 591 689 652 aperto
700 583 815 639 aethere

189 655 324 707 Innocuus
335 661 416 708 errat
453 654 568 706 callidas
578 658 685 705 tantum
693 653 760 706 feris

190 720 328 776 struxisse
338 723 448 775 fraudes
458 725 547 784 norit3
558 727 587 774 et
596 720 683 773 lessus
693 723 771 791 gravi

130 790 181 844 505
192 791 316 855 Labore,
326 794 405 843 niveo
417 806 516 856 corpus
525 790 604 842 Ilisso
615 789 699 843 levet

190 859 269 912 Nune
279 860 324 913 ille
333 862 420 927 ripam
431 861 526 911 celeris
535 857 630 926 Alphei
641 860 721 927 legit3

190 929 270 981 Nunc
278 931 395 981 nemoris
406 929 453 980 alti
464 928 548 981 densa
556 933 675 979 metatur
685 929 757 991 loca,

190 998 243 1049 Ubi
253 998 345 1050 Lerna
355 1013 423 1066 puro
434 998 525 1066 gabda
534 997 657 1064 perlucet
666 997 752 1060 vad03

191 1064 342 1134 Sedemque
352 1072 448 1118 mutat.
483 1067 537 1118 Hie
548 1079 611 1116 ares
623 1064 752 1131 querulae
762 1064 885 1119 fremunt

130 1134 182 1186 51⁰
192 1134 324 1201 Ramique
334 1136 421 1186 ventis
430 1136 492 1187 lene
502 1134 625 1200 pereussi
634 1139 763 1195 tremunt,

190 1202 360 1270 veteresque
371 1202 436 1271 fagi.
470 1202 542 1254 Iuvit
552 1207 600 1252 aut
611 1202 696 1253 amnis
707 1202 770 1269 vagi
783 1251 784 1255 ,

190 1270 326 1322 Pressisse
337 1273 425 1338 ripas,
437 1273 558 1338 caespite
568 1275 616 1321 aut
625 1269 698 1320 nude
708 1269 783 1322 leves

190 1338 308 1390 Durisse
318 1355 442 1404 somnos,
453 1341 511 1392 sive
522 1339 583 1390 lons
592 1339 685 1406 largus
696 1339 765 1390 citas

189 1407 322 1459 Defundit
332 1409 431 1472 undas,
441 1410 498 1460 sive
507 1423 557 1475 per
566 1406 648 1459 flores
658 1421 745 1458 novos

130 1476 180 1527 515
190 1476 323 1543 Fugiente
334 1477 420 1528 duleis
430 1482 581 1528 murmurat
589 1477 648 1527 rivo
658 1490 751 1538 sonus,

189 1544 314 1596 Excussa
325 1545 398 1596 silvis
410 1560 492 1612 poma
503 1550 679 1612 compescunt
689 1544 800 1609 famem,

186 1613 224 1663 Et
233 1612 313 1681 fraga
322 1617 413 1679 paruis
423 1615 500 1666 vulsa
512 1613 627 1664 dumetis
638 1613 713 1664 eibos

186 1681 294 1733 Faciles
305 1684 466 1735 ministrant.
501 1683 602 1749 Regios
612 1682 692 1732 luxus
702 1683 808 1747 procul-

187 1748 239 1799 Est
248 1751 365 1815 impetus
376 1751 486 1818 fugisse.
521 1749 644 1801 Sollicito
654 1750 750 1801 bibant

128 1814 179 1867 52⁰
189 1817 262 1867 Auro
273 1820 397 1884 superbi3
408 1835 489 1887 quam
498 1820 573 1870 iuvat
583 1819 657 1868 nuda
666 1833 748 1870 manu

188 1885 319 1952 Captasse
330 1888 446 1938 fontem!
460 1889 565 1939 certior
574 1902 683 1939 somnus
696 1889 795 1953 premit

187 1950 292 2005 Secura
302 1954 371 2007 duro
383 1956 505 2007 membra
513 1961 667 2007 versantem
678 1961 750 2007 toro.

186 2019 249 2072 Non
258 2023 285 2071 in
297 2036 409 2075 recessu
420 2023 494 2075 lurta
504 2030 534 2075 et
545 2025 661 2075 obscuro
673 2025 816 2090 improbus

186 2089 302 2150 Quaerit
312 2093 406 2154 cubili,
419 2108 502 2160 seque
513 2093 652 2158 nrultipliei
662 2095 761 2144 timens

126 2154 177 2208 525
188 2157 278 2209 Domo
289 2161 426 2224 recondit3
438 2160 552 2212 aethera
560 2177 592 2211 ae
601 2161 691 2212 lucem
700 2161 779 2226 petit,

185 2226 224 2277 Et
233 2232 305 2278 teste
316 2229 394 2281 eaelo
404 2231 478 2280 vivit
513 2230 576 2280 Hee
590 2229 715 2296 equidem
725 2245 790 2283 reor

185 2294 295 2346 Virisse
305 2297 373 2360 ritu,
384 2299 472 2364 prima
482 2312 550 2364 quos
559 2299 659 2348 mixtos
671 2298 729 2350 deis

184 2361 313 2415 Profudit
323 2371 409 2418 aetas.
443 2365 539 2417 Nullus
549 2364 590 2417 bis
602 2368 660 2416 aeri
670 2365 723 2416 fuit

187 2432 293 2483 Coetus
306 2434 413 2501 cupido.
447 2433 543 2486 Nullus
553 2436 580 2485 in
591 2450 689 2500 eampo
700 2449 781 2487 sacer

189 2497 289 2551 Divisit
298 2517 380 2570 agros
391 2503 494 2554 arbiter
503 2503 609 2569 populis
619 2504 697 2569 lapis.

70 2495 313 2768 *aarum
323 2571 455 2622 secabant
465 2571 592 2622 credulae
604 2577 717 2636 pontum
726 2580 816 2625 rates:

184 2714 190 2723 ‚
205 2635 364 2703 aequisque
374 2644 456 2692 norat
465 2640 558 2691 maria.
594 2639 655 2695 Non
667 2646 744 2694 vasto
756 2656 859 2713 aggero
