<?xml version="1.0" encoding="UTF-8"?>
<!DOCTYPE html PUBLIC "-//W3C//DTD XHTML 1.0 Transitional//EN"
    "http://www.w3.org/TR/xhtml1/DTD/xhtml1-transitional.dtd">
<html xmlns="http://www.w3.org/1999/xhtml" xml:lang="en" lang="en">
 <head>
  <title>
</title>
<meta http-equiv="Content-Type" content="text/html;charset=utf-8" />
  <meta name='ocr-system' content='tesseract 3.04.00' />
  <meta name='ocr-capabilities' content='ocr_page ocr_carea ocr_par ocr_line ocrx_word'/>
</head>
<body>
  <div class='ocr_page' id='page_1' title='image "./tragoediaeadopt00senegoog_0066.png"; bbox 0 0 1860 2970; ppageno 0'>
   <div class='ocr_carea' id='block_1_1' title="bbox 163 174 760 233">
    <p class='ocr_par' dir='ltr' id='par_1_1' title="bbox 163 174 760 233">
     <span class='ocr_line' id='line_1_1' title="bbox 163 174 760 233; baseline 0.005 -3"><span class='ocrx_word' id='word_1_1' title='bbox 163 174 574 233; x_wconf 73' lang='lat' dir='ltr'>THYESTEs.ncT.11.</span> <span class='ocrx_word' id='word_1_2' title='bbox 674 196 677 201; x_wconf 86' lang='lat'>·</span> <span class='ocrx_word' id='word_1_3' title='bbox 727 180 760 233; x_wconf 77' lang='lat'>55</span> 
     </span>
    </p>
   </div>
   <div class='ocr_carea' id='block_1_2' title="bbox 43 278 762 2755">
    <p class='ocr_par' dir='ltr' id='par_1_2' title="bbox 43 278 541 344">
     <span class='ocr_line' id='line_1_2' title="bbox 43 278 541 344; baseline 0.002 -11"><span class='ocrx_word' id='word_1_4' title='bbox 43 279 90 335; x_wconf 66' lang='lat' dir='ltr'>:se</span> <span class='ocrx_word' id='word_1_5' title='bbox 99 286 192 334; x_wconf 89' lang='lat' dir='ltr'>tuetur</span> <span class='ocrx_word' id='word_1_6' title='bbox 196 317 204 344; x_wconf 96' lang='lat'>,</span> <span class='ocrx_word' id='word_1_7' title='bbox 216 280 294 333; x_wconf 81' lang='lat' dir='ltr'>clade</span> <span class='ocrx_word' id='word_1_8' title='bbox 304 278 413 332; x_wconf 82' lang='lat' dir='ltr'>funesta</span> <span class='ocrx_word' id='word_1_9' title='bbox 424 282 541 334; x_wconf 83' lang='lat' dir='ltr'>occidat.</span> 
     </span>
    </p>

    <p class='ocr_par' dir='ltr' id='par_1_3' title="bbox 50 348 760 419">
     <span class='ocr_line' id='line_1_3' title="bbox 50 348 760 419; baseline 0 -16"><span class='ocrx_word' id='word_1_10' title='bbox 50 354 112 419; x_wconf 78' lang='lat' dir='ltr'>ipsa</span> <span class='ocrx_word' id='word_1_11' title='bbox 122 351 225 418; x_wconf 77' lang='lat' dir='ltr'>pollens</span> <span class='ocrx_word' id='word_1_12' title='bbox 235 348 331 414; x_wconf 85' lang='lat' dir='ltr'>inclyti</span> <span class='ocrx_word' id='word_1_13' title='bbox 341 350 449 415; x_wconf 81' lang='lat' dir='ltr'>Pelopis</span> <span class='ocrx_word' id='word_1_14' title='bbox 460 350 555 402; x_wconf 78' lang='lat' dir='ltr'>domun</span> <span class='ocrx_word' id='word_1_15' title='bbox 709 351 760 403; x_wconf 84' lang='grc'>100</span> 
     </span>
    </p>

    <p class='ocr_par' dir='ltr' id='par_1_4' title="bbox 46 417 592 482">
     <span class='ocr_line' id='line_1_4' title="bbox 46 417 592 482; baseline 0 -12"><span class='ocrx_word' id='word_1_16' title='bbox 46 420 90 471; x_wconf 85' lang='lat' dir='ltr'>vel</span> <span class='ocrx_word' id='word_1_17' title='bbox 99 421 126 473; x_wconf 91' lang='lat' dir='ltr'>iu</span> <span class='ocrx_word' id='word_1_18' title='bbox 135 434 193 482; x_wconf 86' lang='lat' dir='ltr'>me,</span> <span class='ocrx_word' id='word_1_19' title='bbox 205 417 350 469; x_wconf 84' lang='lat' dir='ltr'>dummodo</span> <span class='ocrx_word' id='word_1_20' title='bbox 361 420 388 468; x_wconf 88' lang='lat' dir='ltr'>in</span> <span class='ocrx_word' id='word_1_21' title='bbox 399 419 512 470; x_wconf 80' lang='lat' dir='ltr'>fratrem</span> <span class='ocrx_word' id='word_1_22' title='bbox 521 426 592 472; x_wconf 83' lang='lat' dir='ltr'>ruat.</span> 
     </span>
    </p>

    <p class='ocr_par' dir='ltr' id='par_1_5' title="bbox 46 486 661 554">
     <span class='ocr_line' id='line_1_5' title="bbox 46 486 661 554; baseline -0.002 -14"><span class='ocrx_word' id='word_1_23' title='bbox 46 489 148 550; x_wconf 69' lang='lat' dir='ltr'>eninm,</span> <span class='ocrx_word' id='word_1_24' title='bbox 158 487 217 548; x_wconf 79' lang='lat' dir='ltr'>lec,</span> <span class='ocrx_word' id='word_1_25' title='bbox 228 486 299 554; x_wconf 87' lang='lat' dir='ltr'>quod</span> <span class='ocrx_word' id='word_1_26' title='bbox 310 486 383 537; x_wconf 72' lang='lat' dir='ltr'>nuilla</span> <span class='ocrx_word' id='word_1_27' title='bbox 394 489 540 554; x_wconf 79' lang='lat' dir='ltr'><strong>posteritas</strong></span> <span class='ocrx_word' id='word_1_28' title='bbox 551 488 661 553; x_wconf 84' lang='lat' dir='ltr'>probet,</span> 
     </span>
    </p>

    <p class='ocr_par' dir='ltr' id='par_1_6' title="bbox 43 554 641 621">
     <span class='ocr_line' id='line_1_6' title="bbox 43 554 641 621; baseline 0 -13"><span class='ocrx_word' id='word_1_29' title='bbox 43 557 104 608; x_wconf 75' lang='lat' dir='ltr'>nulla</span> <span class='ocrx_word' id='word_1_30' title='bbox 113 554 217 607; x_wconf 80' lang='lat' dir='ltr'>taceatl</span> <span class='ocrx_word' id='word_1_31' title='bbox 229 555 338 621; x_wconf 85' lang='lat' dir='ltr'>aliquod</span> <span class='ocrx_word' id='word_1_32' title='bbox 348 555 502 606; x_wconf 80' lang='lat' dir='ltr'>audendum</span> <span class='ocrx_word' id='word_1_33' title='bbox 513 564 554 607; x_wconf 79' lang='lat' dir='ltr'>ent</span> <span class='ocrx_word' id='word_1_34' title='bbox 564 556 641 608; x_wconf 81' lang='lat' dir='ltr'>nefus</span> 
     </span>
    </p>

    <p class='ocr_par' dir='ltr' id='par_1_7' title="bbox 43 624 571 690">
     <span class='ocr_line' id='line_1_7' title="bbox 43 624 571 690; baseline -0.002 -13"><span class='ocrx_word' id='word_1_35' title='bbox 43 640 63 689; x_wconf 71' lang='lat' dir='ltr'>z,</span> <span class='ocrx_word' id='word_1_36' title='bbox 73 631 226 687; x_wconf 83' lang='lat' dir='ltr'>cruentum3</span> <span class='ocrx_word' id='word_1_37' title='bbox 238 624 305 685; x_wconf 79' lang='lat' dir='ltr'>tale,</span> <span class='ocrx_word' id='word_1_38' title='bbox 317 625 390 690; x_wconf 88' lang='lat' dir='ltr'>quod</span> <span class='ocrx_word' id='word_1_39' title='bbox 400 624 486 675; x_wconf 84' lang='lat' dir='ltr'>frater</span> <span class='ocrx_word' id='word_1_40' title='bbox 495 640 571 676; x_wconf 77' lang='lat' dir='ltr'>meuc</span> 
     </span>
    </p>

    <p class='ocr_par' dir='ltr' id='par_1_8' title="bbox 43 691 761 755">
     <span class='ocr_line' id='line_1_8' title="bbox 43 691 761 755; baseline -0.003 -8"><span class='ocrx_word' id='word_1_41' title='bbox 43 709 121 746; x_wconf 76' lang='lat' dir='ltr'>necne</span> <span class='ocrx_word' id='word_1_42' title='bbox 132 693 215 744; x_wconf 76' lang='lat' dir='ltr'>malit</span> <span class='ocrx_word' id='word_1_43' title='bbox 234 691 345 743; x_wconf 75' lang='lat' dir='ltr'>Scelere</span> <span class='ocrx_word' id='word_1_44' title='bbox 353 709 408 743; x_wconf 90' lang='lat' dir='ltr'>non</span> <span class='ocrx_word' id='word_1_45' title='bbox 419 693 573 755; x_wconf 72' lang='lat' dir='ltr'>ulciscens,</span> <span class='ocrx_word' id='word_1_46' title='bbox 711 693 761 745; x_wconf 73' lang='lat'>19⁵</span> 
     </span>
    </p>

    <p class='ocr_par' dir='ltr' id='par_1_9' title="bbox 44 761 658 828">
     <span class='ocr_line' id='line_1_9' title="bbox 44 761 658 828; baseline -0.003 -14"><span class='ocrx_word' id='word_1_47' title='bbox 44 764 127 814; x_wconf 67' lang='lat' dir='ltr'>vincis.</span> <span class='ocrx_word' id='word_1_48' title='bbox 137 789 170 799; x_wconf 93' lang='lat'><em>-</em></span> <span class='ocrx_word' id='word_1_49' title='bbox 180 761 285 827; x_wconf 81' lang='lat' dir='ltr'>Ecquid</span> <span class='ocrx_word' id='word_1_50' title='bbox 296 775 356 813; x_wconf 85' lang='lat' dir='ltr'>esse</span> <span class='ocrx_word' id='word_1_51' title='bbox 366 768 422 812; x_wconf 83' lang='lat' dir='ltr'>tam</span> <span class='ocrx_word' id='word_1_52' title='bbox 432 777 543 813; x_wconf 82' lang='lat' dir='ltr'>saevum</span> <span class='ocrx_word' id='word_1_53' title='bbox 554 767 658 828; x_wconf 85' lang='lat' dir='ltr'>potest,</span> 
     </span>
    </p>

    <p class='ocr_par' dir='ltr' id='par_1_10' title="bbox 43 827 638 897">
     <span class='ocr_line' id='line_1_10' title="bbox 43 827 638 897; baseline -0.003 -15"><span class='ocrx_word' id='word_1_54' title='bbox 43 832 168 897; x_wconf 77' lang='lat' dir='ltr'>[superet</span> <span class='ocrx_word' id='word_1_55' title='bbox 176 827 267 880; x_wconf 70' lang='lat' dir='ltr'>illumi</span> <span class='ocrx_word' id='word_1_56' title='bbox 277 830 404 896; x_wconf 88' lang='lat' dir='ltr'>numquid</span> <span class='ocrx_word' id='word_1_57' title='bbox 415 830 538 882; x_wconf 84' lang='lat' dir='ltr'>abiectus</span> <span class='ocrx_word' id='word_1_58' title='bbox 547 830 638 882; x_wconf 70' lang='lat' dir='ltr'>iacet}</span> 
     </span>
    </p>

    <p class='ocr_par' dir='ltr' id='par_1_11' title="bbox 44 898 610 967">
     <span class='ocr_line' id='line_1_11' title="bbox 44 898 610 967; baseline -0.002 -17"><span class='ocrx_word' id='word_1_59' title='bbox 44 901 100 967; x_wconf 67' lang='lat' dir='ltr'>luid</span> <span class='ocrx_word' id='word_1_60' title='bbox 110 899 235 950; x_wconf 77' lang='lat' dir='ltr'>secundis</span> <span class='ocrx_word' id='word_1_61' title='bbox 245 900 348 963; x_wconf 83' lang='lat' dir='ltr'>patitur</span> <span class='ocrx_word' id='word_1_62' title='bbox 359 900 386 949; x_wconf 88' lang='lat' dir='ltr'>in</span> <span class='ocrx_word' id='word_1_63' title='bbox 395 898 475 950; x_wconf 84' lang='lat' dir='ltr'>rebus</span> <span class='ocrx_word' id='word_1_64' title='bbox 486 899 610 961; x_wconf 86' lang='lat' dir='ltr'>modum,</span> 
     </span>
    </p>

    <p class='ocr_par' dir='ltr' id='par_1_12' title="bbox 44 964 555 1036">
     <span class='ocr_line' id='line_1_12' title="bbox 44 964 555 1036; baseline -0.006 -16"><span class='ocrx_word' id='word_1_65' title='bbox 44 984 57 1020; x_wconf 82' lang='lat' dir='ltr'>c</span> <span class='ocrx_word' id='word_1_66' title='bbox 69 967 203 1036; x_wconf 70' lang='lat' dir='ltr'>quietem!</span> <span class='ocrx_word' id='word_1_67' title='bbox 212 964 283 1018; x_wconf 81' lang='lat' dir='ltr'>Novi</span> <span class='ocrx_word' id='word_1_68' title='bbox 294 982 345 1034; x_wconf 87' lang='lat' dir='ltr'>ego</span> <span class='ocrx_word' id='word_1_69' title='bbox 356 969 493 1033; x_wconf 85' lang='lat' dir='ltr'>ingenium</span> <span class='ocrx_word' id='word_1_70' title='bbox 504 969 555 1018; x_wconf 72' lang='lat' dir='ltr'>nini</span> 
     </span>
    </p>

    <p class='ocr_par' dir='ltr' id='par_1_13' title="bbox 44 1034 761 1102">
     <span class='ocr_line' id='line_1_13' title="bbox 44 1034 761 1102; baseline -0.004 -14"><span class='ocrx_word' id='word_1_71' title='bbox 44 1034 576 1102; x_wconf 71' lang='lat' dir='ltr'>:lletlleetinonpotest‚frangipoteet.</span> <span class='ocrx_word' id='word_1_72' title='bbox 711 1037 761 1087; x_wconf 85' lang='grc'>200</span> 
     </span>
    </p>

    <p class='ocr_par' dir='ltr' id='par_1_14' title="bbox 44 1105 598 1172">
     <span class='ocr_line' id='line_1_14' title="bbox 44 1105 598 1172; baseline -0.002 -17"><span class='ocrx_word' id='word_1_73' title='bbox 44 1123 63 1169; x_wconf 91' lang='grc' dir='ltr'>ι,</span> <span class='ocrx_word' id='word_1_74' title='bbox 74 1111 218 1172; x_wconf 78' lang='lat' dir='ltr'>autequam</span> <span class='ocrx_word' id='word_1_75' title='bbox 229 1120 258 1156; x_wconf 83' lang='lat' dir='ltr'>se</span> <span class='ocrx_word' id='word_1_76' title='bbox 270 1105 360 1155; x_wconf 84' lang='lat' dir='ltr'>firmet</span> <span class='ocrx_word' id='word_1_77' title='bbox 370 1109 418 1155; x_wconf 78' lang='lat' dir='ltr'>aut</span> <span class='ocrx_word' id='word_1_78' title='bbox 427 1106 496 1155; x_wconf 83' lang='lat' dir='ltr'>vires</span> <span class='ocrx_word' id='word_1_79' title='bbox 507 1109 598 1171; x_wconf 79' lang='lat' dir='ltr'>paret,</span> 
     </span>
    </p>

    <p class='ocr_par' dir='ltr' id='par_1_15' title="bbox 44 1173 505 1242">
     <span class='ocr_line' id='line_1_15' title="bbox 44 1173 505 1242; baseline -0.002 -18"><span class='ocrx_word' id='word_1_80' title='bbox 44 1188 80 1225; x_wconf 87' lang='lat' dir='ltr'>:ur</span> <span class='ocrx_word' id='word_1_81' title='bbox 88 1173 217 1226; x_wconf 76' lang='lat' dir='ltr'>ultruzne</span> <span class='ocrx_word' id='word_1_82' title='bbox 226 1175 411 1242; x_wconf 87' lang='lat' dir='ltr'>quiescentem</span> <span class='ocrx_word' id='word_1_83' title='bbox 421 1179 505 1239; x_wconf 82' lang='lat' dir='ltr'>petat.</span> 
     </span>
    </p>

    <p class='ocr_par' dir='ltr' id='par_1_16' title="bbox 47 1240 608 1309">
     <span class='ocr_line' id='line_1_16' title="bbox 47 1240 608 1309; baseline -0.005 -14"><span class='ocrx_word' id='word_1_84' title='bbox 47 1243 136 1306; x_wconf 78' lang='lat' dir='ltr'>ardet,</span> <span class='ocrx_word' id='word_1_85' title='bbox 148 1242 455 1309; x_wconf 75' lang='lat' dir='ltr'>autpelibit31nnnedi0</span> <span class='ocrx_word' id='word_1_86' title='bbox 467 1247 509 1293; x_wconf 84' lang='lat' dir='ltr'>est</span> <span class='ocrx_word' id='word_1_87' title='bbox 519 1240 608 1293; x_wconf 79' lang='lat' dir='ltr'>scelus</span> 
     </span>
    </p>

    <p class='ocr_par' dir='ltr' id='par_1_17' title="bbox 44 1307 664 1378">
     <span class='ocr_line' id='line_1_17' title="bbox 44 1307 664 1378; baseline -0.005 -15"><span class='ocrx_word' id='word_1_88' title='bbox 44 1327 88 1363; x_wconf 90' lang='lat' dir='ltr'>um</span> <span class='ocrx_word' id='word_1_89' title='bbox 98 1313 251 1378; x_wconf 81' lang='lat' dir='ltr'>occupanti.</span> <span class='ocrx_word' id='word_1_90' title='bbox 271 1323 341 1361; x_wconf 74' lang='lat' dir='ltr'>suu.</span> <span class='ocrx_word' id='word_1_91' title='bbox 360 1312 446 1361; x_wconf 82' lang='lat' dir='ltr'>Fama</span> <span class='ocrx_word' id='word_1_92' title='bbox 456 1316 484 1361; x_wconf 86' lang='lat' dir='ltr'>te</span> <span class='ocrx_word' id='word_1_93' title='bbox 495 1311 587 1376; x_wconf 83' lang='lat' dir='ltr'>populi</span> <span class='ocrx_word' id='word_1_94' title='bbox 598 1307 664 1360; x_wconf 87' lang='lat' dir='ltr'>nihil</span> 
     </span>
    </p>

    <p class='ocr_par' dir='ltr' id='par_1_18' title="bbox 44 1377 761 1509">
     <span class='ocr_line' id='line_1_18' title="bbox 44 1377 691 1446; baseline -0.002 -14"><span class='ocrx_word' id='word_1_95' title='bbox 44 1394 84 1432; x_wconf 72' lang='lat' dir='ltr'>rna</span> <span class='ocrx_word' id='word_1_96' title='bbox 98 1378 201 1435; x_wconf 74' lang='lat' dir='ltr'>terrctl</span> <span class='ocrx_word' id='word_1_97' title='bbox 220 1393 296 1430; x_wconf 73' lang='lat' dir='ltr'>nun.</span> <span class='ocrx_word' id='word_1_98' title='bbox 322 1379 471 1429; x_wconf 83' lang='lat' dir='ltr'>Maximum</span> <span class='ocrx_word' id='word_1_99' title='bbox 487 1377 539 1430; x_wconf 76' lang='lat' dir='ltr'>linc</span> <span class='ocrx_word' id='word_1_100' title='bbox 554 1379 631 1446; x_wconf 85' lang='lat' dir='ltr'>regni</span> <span class='ocrx_word' id='word_1_101' title='bbox 645 1378 691 1431; x_wconf 88' lang='lat' dir='ltr'>bo·</span> 
     </span>
     <span class='ocr_line' id='line_1_19' title="bbox 366 1446 761 1509; baseline -0.008 -10"><span class='ocrx_word' id='word_1_102' title='bbox 366 1463 430 1506; x_wconf 80' lang='lat' dir='ltr'>num</span> <span class='ocrx_word' id='word_1_103' title='bbox 439 1455 495 1509; x_wconf 85' lang='lat' dir='ltr'>est,</span> <span class='ocrx_word' id='word_1_104' title='bbox 711 1446 761 1497; x_wconf 80' lang='lat'>205</span> 
     </span>
    </p>

    <p class='ocr_par' dir='ltr' id='par_1_19' title="bbox 54 1514 538 1583">
     <span class='ocr_line' id='line_1_20' title="bbox 54 1514 538 1583; baseline -0.002 -16"><span class='ocrx_word' id='word_1_105' title='bbox 54 1514 130 1570; x_wconf 80' lang='lat' dir='ltr'>factu</span> <span class='ocrx_word' id='word_1_106' title='bbox 140 1517 241 1569; x_wconf 85' lang='lat' dir='ltr'>domini</span> <span class='ocrx_word' id='word_1_107' title='bbox 252 1517 359 1582; x_wconf 84' lang='lat' dir='ltr'>cogitur</span> <span class='ocrx_word' id='word_1_108' title='bbox 370 1517 486 1583; x_wconf 80' lang='lat' dir='ltr'>populus</span> <span class='ocrx_word' id='word_1_109' title='bbox 496 1517 538 1567; x_wconf 83' lang='lat' dir='ltr'>sui</span> 
     </span>
    </p>

    <p class='ocr_par' dir='ltr' id='par_1_20' title="bbox 44 1584 702 1655">
     <span class='ocr_line' id='line_1_21' title="bbox 44 1584 702 1655; baseline -0.003 -19"><span class='ocrx_word' id='word_1_110' title='bbox 44 1584 132 1649; x_wconf 82' lang='lat' dir='ltr'>ferre,</span> <span class='ocrx_word' id='word_1_111' title='bbox 144 1600 225 1655; x_wconf 82' lang='lat' dir='ltr'>quam</span> <span class='ocrx_word' id='word_1_112' title='bbox 234 1585 353 1638; x_wconf 79' lang='lat' dir='ltr'>laudere.</span> <span class='ocrx_word' id='word_1_113' title='bbox 373 1600 443 1637; x_wconf 72' lang='lat' dir='ltr'>sun.</span> <span class='ocrx_word' id='word_1_114' title='bbox 456 1585 702 1650; x_wconf 78' lang='lat' dir='ltr'>Quoscogitmetus</span> 
     </span>
    </p>

    <p class='ocr_par' dir='ltr' id='par_1_21' title="bbox 45 1654 567 1718">
     <span class='ocr_line' id='line_1_22' title="bbox 45 1654 567 1718; baseline -0.008 -12"><span class='ocrx_word' id='word_1_115' title='bbox 45 1670 104 1718; x_wconf 82' lang='lat' dir='ltr'>arc,</span> <span class='ocrx_word' id='word_1_116' title='bbox 117 1655 227 1707; x_wconf 80' lang='lat' dir='ltr'>eosdem</span> <span class='ocrx_word' id='word_1_117' title='bbox 239 1654 328 1705; x_wconf 83' lang='lat' dir='ltr'>reddit</span> <span class='ocrx_word' id='word_1_118' title='bbox 337 1655 461 1705; x_wconf 83' lang='lat' dir='ltr'>inimices</span> <span class='ocrx_word' id='word_1_119' title='bbox 470 1658 567 1704; x_wconf 83' lang='lat' dir='ltr'>metus.</span> 
     </span>
    </p>

    <p class='ocr_par' dir='ltr' id='par_1_22' title="bbox 45 1722 452 1790">
     <span class='ocr_line' id='line_1_23' title="bbox 45 1722 452 1790; baseline -0.01 -14"><span class='ocrx_word' id='word_1_120' title='bbox 45 1722 167 1776; x_wconf 73' lang='lat' dir='ltr'>ilavolin</span> <span class='ocrx_word' id='word_1_121' title='bbox 179 1724 293 1790; x_wconf 80' lang='lat' dir='ltr'>gloriam</span> <span class='ocrx_word' id='word_1_122' title='bbox 303 1725 359 1774; x_wconf 75' lang='lat' dir='ltr'>veui</span> <span class='ocrx_word' id='word_1_123' title='bbox 370 1722 452 1789; x_wconf 87' lang='lat' dir='ltr'>petit,</span> 
     </span>
    </p>

    <p class='ocr_par' dir='ltr' id='par_1_23' title="bbox 44 1789 762 1860">
     <span class='ocr_line' id='line_1_24' title="bbox 44 1789 762 1860; baseline -0.007 -16"><span class='ocrx_word' id='word_1_124' title='bbox 44 1790 527 1860; x_wconf 78' lang='lat' dir='ltr'>nmagiequamvoeelaudarivolet.</span> <span class='ocrx_word' id='word_1_125' title='bbox 712 1789 762 1841; x_wconf 82' lang='lat'>210</span> 
     </span>
    </p>

    <p class='ocr_par' dir='ltr' id='par_1_24' title="bbox 56 1857 668 1927">
     <span class='ocr_line' id='line_1_25' title="bbox 56 1857 668 1927; baseline -0.002 -16"><span class='ocrx_word' id='word_1_126' title='bbox 56 1861 133 1912; x_wconf 78' lang='lat' dir='ltr'>Laus</span> <span class='ocrx_word' id='word_1_127' title='bbox 143 1876 208 1913; x_wconf 84' lang='lat' dir='ltr'>vern</span> <span class='ocrx_word' id='word_1_128' title='bbox 219 1867 247 1912; x_wconf 89' lang='lat' dir='ltr'>et</span> <span class='ocrx_word' id='word_1_129' title='bbox 255 1859 349 1910; x_wconf 86' lang='lat' dir='ltr'>humili</span> <span class='ocrx_word' id='word_1_130' title='bbox 360 1872 442 1927; x_wconf 81' lang='lat' dir='ltr'>saepe</span> <span class='ocrx_word' id='word_1_131' title='bbox 454 1858 585 1924; x_wconf 82' lang='lat' dir='ltr'>contingit</span> <span class='ocrx_word' id='word_1_132' title='bbox 595 1857 668 1921; x_wconf 81' lang='lat' dir='ltr'>vir03</span> 
     </span>
    </p>

    <p class='ocr_par' dir='ltr' id='par_1_25' title="bbox 44 1928 713 1996">
     <span class='ocr_line' id='line_1_26' title="bbox 44 1928 713 1996; baseline -0.009 -14"><span class='ocrx_word' id='word_1_133' title='bbox 44 1930 85 1981; x_wconf 74' lang='lat' dir='ltr'>nisi</span> <span class='ocrx_word' id='word_1_134' title='bbox 96 1931 200 1996; x_wconf 85' lang='lat' dir='ltr'>potenti</span> <span class='ocrx_word' id='word_1_135' title='bbox 211 1929 288 1980; x_wconf 82' lang='lat' dir='ltr'>falsa.</span> <span class='ocrx_word' id='word_1_136' title='bbox 307 1929 387 1990; x_wconf 76' lang='lat' dir='ltr'>Quod</span> <span class='ocrx_word' id='word_1_137' title='bbox 398 1928 506 1990; x_wconf 88' lang='lat' dir='ltr'>nolunt,</span> <span class='ocrx_word' id='word_1_138' title='bbox 517 1928 608 1978; x_wconf 87' lang='lat' dir='ltr'>velint.</span> <span class='ocrx_word' id='word_1_139' title='bbox 632 1983 636 1991; x_wconf 51' lang='lat'>‚</span> <span class='ocrx_word' id='word_1_140' title='bbox 698 1980 713 1989; x_wconf 54' lang='grc'><em>,</em></span> 
     </span>
    </p>

    <p class='ocr_par' dir='ltr' id='par_1_26' title="bbox 52 1995 680 2051">
     <span class='ocr_line' id='line_1_27' title="bbox 52 1995 680 2051; baseline -0.005 -2"><span class='ocrx_word' id='word_1_141' title='bbox 52 1998 113 2050; x_wconf 84' lang='lat' dir='ltr'>Rex</span> <span class='ocrx_word' id='word_1_142' title='bbox 123 1999 189 2050; x_wconf 85' lang='lat' dir='ltr'>velit</span> <span class='ocrx_word' id='word_1_143' title='bbox 198 1997 326 2051; x_wconf 80' lang='lat' dir='ltr'>honesta:</span> <span class='ocrx_word' id='word_1_144' title='bbox 338 2013 416 2049; x_wconf 87' lang='lat' dir='ltr'>nemo</span> <span class='ocrx_word' id='word_1_145' title='bbox 428 2012 481 2046; x_wconf 91' lang='lat' dir='ltr'>non</span> <span class='ocrx_word' id='word_1_146' title='bbox 493 1997 588 2048; x_wconf 83' lang='lat' dir='ltr'>eadem</span> <span class='ocrx_word' id='word_1_147' title='bbox 598 1995 680 2047; x_wconf 80' lang='lat' dir='ltr'>volet.</span> 
     </span>
    </p>

    <p class='ocr_par' dir='ltr' id='par_1_27' title="bbox 55 2064 702 2135">
     <span class='ocr_line' id='line_1_28' title="bbox 55 2064 702 2135; baseline -0.005 -17"><span class='ocrx_word' id='word_1_148' title='bbox 55 2067 215 2135; x_wconf 77' lang='lat' dir='ltr'>Ubicunque</span> <span class='ocrx_word' id='word_1_149' title='bbox 227 2064 702 2127; x_wconf 84' lang='lat' dir='ltr'>tautumhonestadnminuntilicent,</span> 
     </span>
    </p>

    <p class='ocr_par' dir='ltr' id='par_1_28' title="bbox 44 2131 761 2203">
     <span class='ocr_line' id='line_1_29' title="bbox 44 2131 761 2203; baseline -0.007 -17"><span class='ocrx_word' id='word_1_150' title='bbox 44 2137 91 2187; x_wconf 85' lang='lat' dir='ltr'>nio</span> <span class='ocrx_word' id='word_1_151' title='bbox 102 2142 241 2203; x_wconf 84' lang='lat' dir='ltr'>regnatur.</span> <span class='ocrx_word' id='word_1_152' title='bbox 266 2149 337 2186; x_wconf 74' lang='lat' dir='ltr'>sun.</span> <span class='ocrx_word' id='word_1_153' title='bbox 355 2136 406 2186; x_wconf 89' lang='lat' dir='ltr'>Ubi</span> <span class='ocrx_word' id='word_1_154' title='bbox 417 2150 471 2184; x_wconf 87' lang='lat' dir='ltr'>nen</span> <span class='ocrx_word' id='word_1_155' title='bbox 483 2140 524 2185; x_wconf 83' lang='lat' dir='ltr'>est</span> <span class='ocrx_word' id='word_1_156' title='bbox 534 2133 632 2199; x_wconf 83' lang='lat' dir='ltr'>pudor,</span> <span class='ocrx_word' id='word_1_157' title='bbox 711 2131 761 2183; x_wconf 78' lang='lat'>215</span> 
     </span>
    </p>

    <p class='ocr_par' dir='ltr' id='par_1_29' title="bbox 45 2203 552 2269">
     <span class='ocr_line' id='line_1_30' title="bbox 45 2203 552 2269; baseline -0.006 -14"><span class='ocrx_word' id='word_1_158' title='bbox 45 2205 187 2267; x_wconf 67' lang='lat' dir='ltr'>urcium,</span> <span class='ocrx_word' id='word_1_159' title='bbox 200 2206 345 2265; x_wconf 78' lang='lat' dir='ltr'>sauctitas,</span> <span class='ocrx_word' id='word_1_160' title='bbox 359 2205 460 2269; x_wconf 74' lang='lat' dir='ltr'>pictae,</span> <span class='ocrx_word' id='word_1_161' title='bbox 471 2203 552 2254; x_wconf 83' lang='lat' dir='ltr'>fides:</span> 
     </span>
    </p>

    <p class='ocr_par' dir='ltr' id='par_1_30' title="bbox 45 2270 701 2341">
     <span class='ocr_line' id='line_1_31' title="bbox 45 2270 701 2341; baseline -0.006 -18"><span class='ocrx_word' id='word_1_162' title='bbox 45 2273 265 2341; x_wconf 76' lang='lat' dir='ltr'>›ileregnument</span> <span class='ocrx_word' id='word_1_163' title='bbox 283 2287 358 2323; x_wconf 70' lang='lat' dir='ltr'>uun</span> <span class='ocrx_word' id='word_1_164' title='bbox 371 2270 701 2337; x_wconf 55' lang='lat' dir='ltr'>Sanctitasfflietasndes,</span> 
     </span>
    </p>

    <p class='ocr_par' dir='ltr' id='par_1_31' title="bbox 44 2342 581 2410">
     <span class='ocr_line' id='line_1_32' title="bbox 44 2342 581 2410; baseline -0.009 -17"><span class='ocrx_word' id='word_1_165' title='bbox 44 2349 74 2393; x_wconf 82' lang='lat' dir='ltr'>ta</span> <span class='ocrx_word' id='word_1_166' title='bbox 83 2342 156 2393; x_wconf 82' lang='lat' dir='ltr'>bonu</span> <span class='ocrx_word' id='word_1_167' title='bbox 165 2349 241 2407; x_wconf 81' lang='lat' dir='ltr'>sunt3</span> <span class='ocrx_word' id='word_1_168' title='bbox 254 2358 308 2410; x_wconf 82' lang='lat' dir='ltr'>qua</span> <span class='ocrx_word' id='word_1_169' title='bbox 318 2343 406 2403; x_wconf 80' lang='lat' dir='ltr'>iuvat,</span> <span class='ocrx_word' id='word_1_170' title='bbox 418 2356 497 2408; x_wconf 84' lang='lat' dir='ltr'>reges</span> <span class='ocrx_word' id='word_1_171' title='bbox 509 2345 581 2390; x_wconf 85' lang='lat' dir='ltr'>eant.</span> 
     </span>
    </p>

    <p class='ocr_par' dir='ltr' id='par_1_32' title="bbox 55 2409 563 2474">
     <span class='ocr_line' id='line_1_33' title="bbox 55 2409 563 2474; baseline -0.008 -13"><span class='ocrx_word' id='word_1_172' title='bbox 55 2409 141 2462; x_wconf 80' lang='lat' dir='ltr'>Nefas</span> <span class='ocrx_word' id='word_1_173' title='bbox 151 2428 251 2464; x_wconf 83' lang='lat' dir='ltr'>nocere</span> <span class='ocrx_word' id='word_1_174' title='bbox 262 2413 305 2464; x_wconf 77' lang='lat' dir='ltr'>vel</span> <span class='ocrx_word' id='word_1_175' title='bbox 314 2412 386 2462; x_wconf 85' lang='lat' dir='ltr'>malo</span> <span class='ocrx_word' id='word_1_176' title='bbox 398 2410 477 2460; x_wconf 81' lang='lat' dir='ltr'>fratri</span> <span class='ocrx_word' id='word_1_177' title='bbox 488 2414 563 2474; x_wconf 82' lang='lat' dir='ltr'>puta.</span> 
     </span>
    </p>

    <p class='ocr_par' dir='ltr' id='par_1_33' title="bbox 47 2472 761 2548">
     <span class='ocr_line' id='line_1_34' title="bbox 47 2472 761 2548; baseline -0.013 -18"><span class='ocrx_word' id='word_1_178' title='bbox 47 2479 103 2531; x_wconf 79' lang='lat' dir='ltr'>Fan</span> <span class='ocrx_word' id='word_1_179' title='bbox 113 2487 156 2531; x_wconf 80' lang='lat' dir='ltr'>est</span> <span class='ocrx_word' id='word_1_180' title='bbox 166 2483 193 2531; x_wconf 92' lang='lat' dir='ltr'>in</span> <span class='ocrx_word' id='word_1_181' title='bbox 204 2483 249 2532; x_wconf 90' lang='lat' dir='ltr'>illo</span> <span class='ocrx_word' id='word_1_182' title='bbox 256 2519 264 2544; x_wconf 88' lang='lat'>,</span> <span class='ocrx_word' id='word_1_183' title='bbox 276 2479 404 2548; x_wconf 88' lang='lat' dir='ltr'>quidquid</span> <span class='ocrx_word' id='word_1_184' title='bbox 413 2481 441 2529; x_wconf 88' lang='lat' dir='ltr'>in</span> <span class='ocrx_word' id='word_1_185' title='bbox 452 2478 537 2528; x_wconf 83' lang='lat' dir='ltr'>fratrc</span> <span class='ocrx_word' id='word_1_186' title='bbox 548 2472 688 2527; x_wconf 82' lang='lat' dir='ltr'>estnelne:</span> <span class='ocrx_word' id='word_1_187' title='bbox 711 2475 761 2524; x_wconf 82' lang='grc'>220</span> 
     </span>
    </p>

    <p class='ocr_par' dir='ltr' id='par_1_34' title="bbox 45 2543 629 2616">
     <span class='ocr_line' id='line_1_35' title="bbox 45 2543 629 2616; baseline -0.01 -15"><span class='ocrx_word' id='word_1_188' title='bbox 45 2551 117 2601; x_wconf 75' lang='lat' dir='ltr'>enim</span> <span class='ocrx_word' id='word_1_189' title='bbox 128 2551 235 2616; x_wconf 84' lang='lat' dir='ltr'>reliquit</span> <span class='ocrx_word' id='word_1_190' title='bbox 246 2551 356 2600; x_wconf 85' lang='lat' dir='ltr'>crimine</span> <span class='ocrx_word' id='word_1_191' title='bbox 366 2551 514 2607; x_wconf 83' lang='lat' dir='ltr'>intactum,</span> <span class='ocrx_word' id='word_1_192' title='bbox 526 2550 573 2595; x_wconf 84' lang='lat' dir='ltr'>uut</span> <span class='ocrx_word' id='word_1_193' title='bbox 583 2543 629 2595; x_wconf 93' lang='lat' dir='ltr'>ubi</span> 
     </span>
    </p>

    <p class='ocr_par' dir='ltr' id='par_1_35' title="bbox 45 2614 618 2685">
     <span class='ocr_line' id='line_1_36' title="bbox 45 2614 618 2685; baseline -0.01 -17"><span class='ocrx_word' id='word_1_194' title='bbox 45 2618 216 2684; x_wconf 75' lang='lat' dir='ltr'>ripepercitl</span> <span class='ocrx_word' id='word_1_195' title='bbox 229 2621 376 2685; x_wconf 84' lang='lat' dir='ltr'>coniugem</span> <span class='ocrx_word' id='word_1_196' title='bbox 387 2622 482 2681; x_wconf 83' lang='lat' dir='ltr'>stupro</span> <span class='ocrx_word' id='word_1_197' title='bbox 494 2614 618 2673; x_wconf 80' lang='lat' dir='ltr'>abstulit,</span> 
     </span>
    </p>

    <p class='ocr_par' dir='ltr' id='par_1_36' title="bbox 45 2682 646 2755">
     <span class='ocr_line' id='line_1_37' title="bbox 45 2682 646 2755; baseline -0.013 -16"><span class='ocrx_word' id='word_1_198' title='bbox 45 2701 138 2755; x_wconf 75' lang='lat' dir='ltr'>nmque</span> <span class='ocrx_word' id='word_1_199' title='bbox 147 2685 230 2739; x_wconf 76' lang='lat' dir='ltr'>lutto.</span> <span class='ocrx_word' id='word_1_200' title='bbox 249 2686 392 2755; x_wconf 74' lang='lat' dir='ltr'>specimen</span> <span class='ocrx_word' id='word_1_201' title='bbox 403 2686 541 2752; x_wconf 84' lang='lat' dir='ltr'>antiquum</span> <span class='ocrx_word' id='word_1_202' title='bbox 551 2682 646 2749; x_wconf 80' lang='lat' dir='ltr'>imperi</span> 
     </span>
    </p>
   </div>
   <div class='ocr_carea' id='block_1_3' title="bbox 0 0 936 2970">
    <p class='ocr_par' dir='ltr' id='par_1_37' title="bbox 0 0 936 2970">
     <span class='ocr_line' id='line_1_38' title="bbox 0 0 936 2970; baseline 0 0"><span class='ocrx_word' id='word_1_203' title='bbox 0 0 936 2970; x_wconf 95' lang='lat' dir='ltr'> </span> 
     </span>
    </p>
   </div>
  </div>
 </body>
</html>
