1860 2970
335 104 528 166 doraum.
545 115 633 166 AGT.
643 114 677 167 11.
820 115 870 166 367

67 216 809 283 sna.ldlaoere,lausast,quoddeoet;non,quodlicet.

64 304 168 343 nano.
189 287 283 339 Galam
303 287 438 337 iacentem
454 286 557 354 vulgus.
600 299 672 337 san.
692 284 809 335 inrisum

539 369 556 404 o
594 355 675 405 rimit.

67 443 86 481 n
93 441 112 479 a
119 439 173 477 ao.
181 424 296 477 Ferrum
305 425 398 472 tuetur
407 369 615 488 principampgn
622 436 649 473 n.
659 419 757 473 illelius
768 420 842 470 fides

67 509 172 549 erano.
181 492 271 543 Decet
280 491 369 540 timeri
382 491 533 541 caesarem.
545 503 616 542 san.
625 492 659 541 st
667 489 726 557 plus
737 488 819 556 diligi.

68 576 172 617 resno.
188 560 315 613 Metuant
325 574 437 611 necessa
448 564 530 611 est...
541 573 612 609 ssu.
635 557 770 625 Quidquid
783 561 869 623 expri-

534 630 624 689 mitur,
635 633 774 697 graveest.
818 627 870 678 460

67 712 112 753 πε
120 710 173 749 κο.
188 696 325 763 Iussisque
337 696 437 748 nostris
447 702 569 762 pareant.
590 709 661 747 sais.
673 696 749 748 Iusta
757 697 869 762 impera.

68 780 172 821 nano.
184 763 308 816 Statuam
318 765 385 831 ipse.
421 779 459 816 su
466 778 494 816 n.
515 765 591 828 Quae
606 779 753 818 consensus
768 766 869 816 efficiat

178 868 185 877 ·
331 836 342 861 ¹
594 838 665 885 rata.

69 920 88 955 n
96 917 114 954 a
123 917 142 952 a
150 915 176 952 o.
186 898 357 967 Despectus!
367 899 544 951 Ensisfaeist.
557 915 629 951 san.
638 901 869 954 Hoeabsitnefas.

69 984 173 1023 nano.
184 971 223 1021 An
233 970 325 1036 patiar
334 969 419 1031 ultra,
430 970 588 1035 sangninem
597 976 719 1023 nostrum
730 974 794 1038 peti,

69 1039 176 1092 inultus
186 1043 214 1090 et
224 1042 376 1088 contemtus
387 1042 418 1087 ut
427 1036 677 1103 subitoopprimari
818 1040 868 1090 465

69 1106 161 1159 Exilia
171 1121 225 1157 non
235 1105 342 1174 fregere
352 1112 502 1156 summotos
514 1106 611 1173 procul

69 1176 198 1228 Plautum
207 1178 288 1242 atque
299 1172 410 1239 Sullam,
418 1175 544 1242 pertinax
554 1190 669 1243 quorum
677 1174 755 1229 furor

70 1246 166 1296 Armat
175 1243 311 1294 ministros
320 1244 431 1297 sceleris
440 1244 467 1295 ia
477 1242 589 1295 eaedem
599 1260 695 1297 meam.

70 1312 229 1363 Absentiam
239 1326 300 1363 oum
309 1320 419 1363 maneat
430 1314 512 1365 etiam
522 1314 617 1380 ingens
626 1313 705 1367 favor
740 1340 745 1359 ·

70 1382 103 1432 ln
112 1378 180 1431 urbs
189 1381 354 1444 nostra‚qui
362 1379 438 1430 fovet
448 1395 511 1444 spes
522 1380 645 1443 exulum3
818 1384 869 1432 ilo

70 1446 215 1499 Tollantur
223 1445 316 1497 hostes
328 1459 392 1496 ense
402 1447 522 1510 suspecti
532 1445 605 1496 mihi.

71 1517 162 1569 larisa
171 1516 268 1568 coniux
279 1517 388 1578 pereat,
399 1517 426 1563 et
437 1527 530 1563 carum
539 1513 591 1563 sibi

69 1585 196 1637 Fratrem
206 1586 343 1650 sequatur.
355 1579 491 1648 Quidquid
501 1581 638 1633 excelsum
649 1589 700 1646 est,
711 1583 800 1636 eadat.

70 1666 146 1706 san.
155 1649 426 1705 Pulchrumeralnera
437 1654 479 1701 est
488 1650 559 1700 inter
567 1649 686 1704 illustres
695 1653 777 1715 uiros,

71 1721 220 1774 Consulere
231 1720 344 1785 patriae,
355 1732 469 1785 parcere
478 1716 674 1781 afflictis‚iera
817 1722 868 1772 475

71 1789 164 1842 Caede
175 1788 311 1840 abstinere
321 1823 330 1850 ,
339 1792 447 1852 tempus
458 1791 541 1853 atquo
549 1787 607 1839 irae
618 1787 692 1851 dare,

71 1858 139 1910 Orbi
150 1858 276 1925 quietem,
287 1856 378 1907 seculo
391 1869 489 1923 pacem
498 1868 556 1907 suu.

72 1928 152 1979 liaeo
162 1940 266 1977 summa
275 1926 373 1989 virtus3
385 1925 486 1991 petitur
495 1920 548 1974 hae
559 1923 665 1976 eoelum
674 1927 726 1977 ria.

72 1994 119 2047 Sic
129 1994 174 2045 iile
184 1995 289 2059 patriae
300 1995 401 2060 primus
410 1993 546 2060 Augustus
556 2007 654 2059 parens

73 2062 236 2130 Complexus
246 2067 321 2113 astra
331 2066 382 2125 est,
393 2061 490 2114 colitur
501 2066 530 2114 et
538 2062 647 2130 templis
656 2062 731 2115 deus.
818 2062 869 2112 480

73 2133 151 2183 lllum
162 2135 253 2182 tamen
264 2131 386 2182 Fortuna
397 2130 510 2182 iactavit
521 2131 564 2182 diu

72 2202 162 2252 Terra
172 2200 292 2266 marique
302 2214 352 2266 per
362 2214 459 2267 graves
469 2199 532 2251 belli
541 2201 626 2263 vices,

72 2269 176 2319 Hostes
187 2268 404 2334 parentisdoneo
423 2270 558 2337 oppressit
567 2268 618 2320 sui.

71 2336 134 2388 Tibi
146 2352 243 2388 numen
254 2337 395 2387 incruenta
404 2337 546 2386 summittit
554 2349 646 2397 suum,

71 2406 108 2456 Et
119 2404 194 2456 dedit
204 2403 323 2455 habenas
333 2405 429 2469 imperi
438 2403 510 2454 facili
520 2418 610 2464 man-u,
818 2399 870 2452 485

71 2473 200 2540 Nataque
211 2478 313 2533 terras,
325 2473 423 2534 naaria,
435 2471 550 2522 subiecit
558 2476 615 2521 tuo.

71 2542 177 2594 invidia
187 2543 272 2592 tristis
282 2542 354 2591 ricta
365 2555 497 2591 consensu
508 2540 553 2605 pio

71 2611 167 2662 Gessit.
202 2605 662 2676 Senatnsequitisneoensuslauon
