1860 2970
100 131 151 182 aon
265 128 316 195 [n.
333 125 488 179 nuunnr
506 125 717 197 susanna]

161 231 213 281 Sed
224 230 277 280 vim
288 229 409 294 negarim
419 232 450 277 ut
459 241 493 278 ne
502 227 720 291 inexpugnabilis

158 299 252 358 Esset,
265 295 313 346 sed
323 308 419 361 aegras
430 294 569 360 frangeret
580 295 651 344 vires
661 297 755 356 timor,

99 367 149 418 815
160 365 212 416 Vel
222 377 323 428 poena3
334 375 402 428 quae
413 363 467 411 iam
477 375 539 411 sera
549 359 707 412 damnatam
718 363 825 429 premit,

159 432 214 482 Diu
223 433 374 480 nocentem.
385 427 613 478 Tolleeonsilium
624 442 657 477 ae
667 444 777 494 preces,

158 500 196 548 Et
206 499 339 561 imperata
355 509 467 562 perage:
480 495 620 545 devectam
630 500 693 545 rate
920 506 928 534 ⁸

158 563 258 615 Procul
266 564 294 612 in
304 567 439 613 remotum
448 562 523 612 litters
533 562 654 610 interimi
664 562 744 612 iube:

158 630 281 681 Tandem
292 634 324 680 ut
333 629 435 680 residat
444 628 563 694 pectoris
573 630 661 679 nostri
671 634 774 680 tumor.

305 792 484 851 cunnus,
506 792 701 839 oerum.

159 889 241 933 clane
271 887 404 931 mitiorum
417 889 493 931 multu
503 888 612 943 fauorem
623 891 710 945 pepuli
725 890 802 945 fuisse
819 885 886 933 cuit,

103 957 159 988 moe
172 948 229 987 littra
253 947 295 984 uta
303 942 421 986 mulierum
429 946 507 986 domus
518 942 643 987 Gaesarem
651 948 825 988 ennaremorat.

102 1034 154 1083 88⁰
165 1042 265 1083 eison
276 1030 299 1080 0
311 1028 433 1083 funestus
443 1031 533 1082 multis
538 1031 637 1146 populi

162 1097 528 1161 virusqueleror,quieum
559 1103 605 1146 atu

99 1176 102 1183 ·
162 1163 232 1215 Vela
243 1161 361 1212 seeundo
370 1163 438 1212 ratis
447 1162 575 1228 implevit,

163 1229 299 1308 Vexitpue
310 1227 420 1293 procul,
430 1227 572 1295 languidus
580 1228 651 1280 idem

162 1297 271 1348 Deserat
281 1290 337 1345 alto
346 1306 482 1359 saevoque
493 1295 571 1346 mori!

104 1362 155 1414 885
167 1362 255 1414 Fleuit
266 1357 406 1412 Gracchos
416 1360 570 1412 miseranda
577 1376 686 1428 parens,

162 1428 285 1480 Perdidit
293 1429 386 1494 ingens
399 1443 466 1495 quos
475 1428 561 1495 plebis
573 1444 647 1480 amor

163 1496 321 1560 Nimiusque
332 1494 409 1545 saror
420 1508 518 1561 genere
529 1496 655 1555 illustres,

163 1562 285 1623 Pietate,
298 1561 364 1622 lide,
375 1561 466 1627 lingua
477 1562 574 1623 claros,

164 1629 281 1680 Pectore
291 1626 390 1689 fortes,
400 1628 503 1694 legibus
515 1643 598 1679 acres.

103 1696 155 1746 89⁰
168 1697 209 1746 rl'e
220 1708 341 1761 quoque,
351 1694 426 1756 Livi,
436 1695 514 1745 simili
523 1695 579 1746 leto

163 1761 377 1821 Fortunadedit,

165 1831 251 1890 Quem
261 1843 347 1894 neque
357 1828 445 1879 fasces
456 1833 547 1881 texere
558 1831 607 1889 sui,

164 1896 221 1945 Nec
232 1900 306 1946 tecta
316 1895 418 1945 domus.
429 1895 510 1946 Plura
521 1896 622 1947 referre

164 1961 295 2012 Prohibet
305 1977 432 2027 praeseus
444 1964 566 2027 exempla
578 1963 664 2013 dolor.

105 2028 155 2078 895
166 2028 250 2078 Modo
260 2030 302 2078 cui
312 2030 428 2092 patriam
439 2030 552 2080 reddere
563 2031 635 2079 eires

164 2095 258 2145 Aulam
268 2101 296 2145 et
307 2095 398 2145 fratris
408 2096 518 2146 voluere
529 2103 613 2156 toros,

164 2162 243 2213 Nunc
255 2161 289 2212 ad
299 2175 414 2228 poenam
423 2162 558 2228 letumque
568 2159 638 2212 trahi

164 2229 299 2290 Flentem,
309 2230 447 2290 miseram,
459 2245 568 2280 cernere
579 2234 701 2294 possunt.

165 2295 239 2346 Bene
249 2303 395 2362 paupertas
406 2295 500 2347 humili
510 2302 583 2347 tecto

106 2361 156 2410 900
169 2364 302 2414 Contenta
311 2364 390 2414 latet:

166 2429 294 2487 Quntiunt
305 2431 372 2480 altas
383 2445 464 2495 saepe
474 2429 618 2494 procellae,

163 2496 218 2545 Aut
227 2498 324 2549 euertit
335 2499 455 2547 Fortuna
464 2498 567 2546 domos.

125 2598 127 2601 .
164 2580 240 2619 ocu.
253 2568 316 2632 (luo
326 2582 373 2619 me
382 2563 506 2616 trulritls‘l
519 2563 762 2626 ‹pondretpununus
