1860 2970
153 110 605 166 HERCULESOETAEUS.
641 115 774 167 ncT.11.
810 116 860 167 299

56 215 162 271 Palnde
173 220 234 266 tota
243 216 347 268 raclior
357 230 468 282 serpens
479 221 580 279 moret,
809 218 859 269 26⁰

56 287 158 354 Ignara
169 285 287 348 rinei3‘si
297 284 361 352 quid
371 286 489 336 excessit
499 284 572 336 feros

55 356 193 415 Immone,
205 353 306 416 dirum,
318 352 460 416 horribile,
472 368 525 421 quo
537 354 594 404 riso
605 352 742 407 Hercules

59 425 173 476 Avertat
184 421 290 474 oculos:
301 421 422 474 boceinu
432 425 563 475 immenso
577 424 677 508 exeetj

58 492 114 545 Vel
124 490 147 541 si
157 490 232 542 ferae
244 489 469 558 neganturrbanc
481 492 598 540 enimam
608 502 708 555 precor

60 562 195 613 Converte
205 560 233 609 in
243 558 356 626 uliquidl
378 559 518 624 quodlibet
529 572 638 625 possum
650 559 750 610 melum
811 559 861 610 265

58 628 301 682 Hacmentelieri.
337 627 487 678 Commode
497 628 614 694 effigiem
624 625 691 678 milri

56 697 160 750 Parem
170 697 268 747 dolori:
279 710 333 746 non
345 697 418 762 capit
425 701 521 762 pectus
532 696 628 747 minas.

61 765 134 826 Quid
145 766 249 816 excutis
259 765 362 816 telluris
374 770 513 817 extremae
524 766 607 827 sinus,

61 834 216 900 orbemque
226 832 336 885 versasl
356 834 420 901 quid
433 849 515 900 rogus
523 833 616 883 Ditem
627 831 715 884 melei

24 892 46 917 ⁹
61 904 163 955 Omnes
173 903 200 951 in
211 902 264 953 isto
274 907 385 968 pectore
395 903 517 953 invenies
526 900 609 965 feros,
813 903 862 952 270

61 972 137 1033 Quas
148 970 249 1020 timuit:
261 971 329 1033 odiis
340 971 433 1035 accipe
443 968 497 1021 hoc
506 969 590 1020 telum
600 970 669 1021 tuisr

59 1039 122 1107 Ego
133 1037 331 1090 sumnorercel
348 1039 468 1091 Perdere
478 1037 588 1089 Alciden
598 1043 693 1106 potes:

58 1106 161 1160 Profer
170 1121 265 1159 manus
276 1122 446 1176 quoeunque.
481 1107 552 1170 Quid
563 1122 668 1173 cessas,
680 1107 749 1161 deni
799 1108 863 1155 *tc
877 1112 895 1161 (ε
907 1124 927 1153 ν

59 1178 145 1229 Utere
155 1172 274 1228 furente!
290 1174 369 1238 Quod
378 1176 524 1229 iubesiieri
534 1176 629 1229 nefns‘l
878 1180 925 1233 Γῖ·

25 1250 38 1275 ³
54 1243 173 1310 ¹cheril
195 1243 390 1305 Quidbaeresl
408 1247 536 1314 lpealam
548 1262 638 1298 cesses
649 1246 722 1310 licet,
811 1245 860 1296 275

60 1314 141 1365 llaec
150 1313 193 1363 ira
201 1314 267 1364 eatis
278 1320 327 1365 est.
362 1329 404 1365 nu
412 1330 464 1366 rn.
484 1316 609 1368 Pectoris
621 1317 678 1367 sani
690 1329 795 1382 pamm,

60 1382 187 1442 biunna,
197 1387 307 1448 questus
318 1385 465 1448 comprime
477 1389 504 1432 et
515 1384 637 1434 flammas
649 1383 743 1432 domal

60 1450 152 1501 Frena
162 1448 295 1501 dolorem!
310 1452 453 1516 coniugem
463 1448 576 1499 ostende
587 1450 727 1500 llcrculisl

60 1533 106 1570 nr:
114 1531 179 1569 reu.
189 1519 246 1570 lole
255 1517 322 1569 meis
334 1519 442 1583 captive
450 1531 594 1584 gennenos
605 1517 681 1568 dabit

62 1583 617 1654 Gnatis,lorisquetietefemulanurusl
811 1589 861 1637 280

59 1655 133 1708 Num
143 1653 252 1705 flemma
262 1670 356 1706 cursus
367 1655 470 1720 pariter
481 1657 508 1702 et
519 1658 626 1703 torrens
636 1651 735 1716 ferent,

58 1727 96 1776 Et
106 1723 176 1774 Ursa
186 1728 299 1789 pontum
310 1723 385 1774 sicca
394 1721 550 1774 coeruleum
559 1714 652 1773 bibeti

60 1791 120 1846 Non
131 1792 176 1842 ibo
188 1789 285 1842 inulta!
308 1791 431 1843 Gesseris
443 1790 548 1842 eoelum
558 1791 632 1855 licet,

61 1863 203 1926 'l'otusqne
215 1870 311 1925 pacem
322 1859 421 1912 debeat
432 1860 546 1911 mundns
556 1860 620 1910 tibi:

60 1929 112 1981 Est
123 1929 222 1995 aliquid
233 1925 322 1994 lrydra
332 1929 533 1996 potius‚iratee
544 1929 631 1995 dolor¹
812 1930 861 1981 285

59 1997 178 2064 Nuptae.
216 1998 281 2058 Quis
292 1998 300 2048 i
337 2000 361 2050 is
372 2004 463 2050 tantus
474 1999 503 2050 in
513 1999 617 2059 coelum
629 1996 696 2051 imit

60 2065 185 2119 Ardentis
196 2067 312 2118 Aetnae.
337 2067 475 2137 Quidquid
485 2073 527 2120 est
537 2070 639 2120 vietum
649 2068 710 2130 tibi,

62 2135 118 2186 llic
127 2135 217 2185 vincet
228 2136 340 2187 enimus.
376 2139 464 2203 Capta
475 2139 623 2203 praeripiet
634 2133 728 2188 torosi

60 2201 156 2254 Adhuc
167 2204 295 2255 timebam
306 2213 441 2268 monstra3
451 2206 506 2255 iam
517 2206 617 2257 nullum
630 2211 672 2258 est
681 2203 790 2256 molum.

62 2273 175 2323 Cessere
187 2278 291 2338 postes3
301 2274 427 2325 inlocum
436 2276 511 2325 venit
520 2274 595 2327 ferae
677 2294 687 2311 κ

60 2338 152 2391 inrisa
162 2340 259 2406 pellex.
295 2339 404 2393 Summe
415 2341 484 2408 proh
494 2348 587 2395 rector
598 2342 689 2403 doum,

60 2410 97 2459 Et
107 2408 179 2460 clare
190 2410 286 2470 Titan,
297 2410 424 2462 llerculis
434 2415 539 2462 tentum
550 2410 589 2463 sui

61 2478 167 2527 Coniux
176 2479 304 2528 timentis.
338 2480 413 2531 Vota
423 2494 491 2545 quoe
503 2480 613 2546 Superis
624 2477 683 2540 tuli,
756 2542 759 2547 Ι

26 2592 30 2601 ,
60 2546 172 2597 Cessero
185 2553 295 2610 ceptee3
308 2548 396 2614 pellici
406 2547 473 2598 felix
483 2548 532 2600 lui.

53 2615 183 2664 illimem
191 2614 321 2682 audens,
334 2633 350 2672 ο
362 2616 481 2690 Superi,
490 2616 610 2692 preces.
