1860 2970
70 165 105 216 34
246 158 281 211 1..
298 154 464 210 'aarum
491 124 683 208 sunncn'r.

129 264 250 316 Immune
262 260 367 314 coelum
378 263 433 322 est,
442 256 539 326 dignus
549 257 658 310 Alcidae
668 258 754 312 labor.

127 335 159 385 ln
170 333 226 383 alta
235 331 328 382 mundi
338 330 428 397 spatia
437 327 556 379 sublimis
566 325 653 378 feram

127 403 242 454 Petatur
252 397 360 451 aether:
373 403 448 450 astra
457 396 592 463 promittit
601 400 688 462 pater.

69 471 119 524 900
130 469 214 532 Quid,
224 470 248 520 si
258 465 387 536 negarat
406 464 467 516 Non
478 465 552 530 capit
562 469 636 514 terra
645 463 807 529 Herculem,

35 556 39 564 ·
131 537 307 604 Tandemque
318 534 429 603 Superis
439 534 537 586 reddit.
555 531 609 583 En!
620 531 692 585 ultro
704 539 788 595 rorat

130 606 224 658 Omnis
234 605 348 657 deorum
359 608 466 666 coctus,
478 607 506 654 et
515 599 688 665 laxationes,

128 677 189 726 Una
199 679 317 726 vetante.
336 671 459 737 Recipis,
471 676 499 724 et
508 683 614 722 reseras
644 668 731 733 olum,

54 797 57 801 ,
129 745 169 794 An
181 742 348 794 contumacis
358 741 467 791 ianuam
476 737 568 788 mundi
578 685 675 789 trago?

72 812 121 865 905
133 812 279 864 Dubitatnr
289 806 388 862 etiami
400 806 494 860 Vincla
504 804 621 856 Saturno
632 821 744 870 exuam,

133 883 286 947 Contraque
295 877 381 944 patris
390 874 466 940 impii
476 888 589 941 regnum
598 875 734 942 impotens

131 950 217 999 Arum
227 943 376 998 resolvam!
386 944 458 995 bella
468 943 580 994 Titanes
591 948 689 1009 parent

132 1016 179 1068 Me
192 1017 260 1068 duce
270 1012 405 1067 furentes!
415 1026 483 1065 saxa
493 1027 554 1063 cum
564 1011 638 1063 silvis
648 1011 750 1077 feram,

132 1085 299 1152 Rapiamqus
310 1083 407 1135 dextra
417 1082 499 1148 plena
508 1081 648 1133 Gentamis
658 1080 736 1149 iuga!

74 1151 125 1204 970
134 1154 191 1203 iam
202 1157 293 1202 monte
303 1152 410 1218 gemino
421 1150 533 1201 limitem
544 1149 579 1199 ad
590 1147 709 1216 Superos
719 1150 815 1219 agauri

132 1221 234 1272 Videat
243 1220 292 1269 sub
305 1220 375 1270 Ossa
384 1217 479 1270 Pelion
490 1216 588 1269 Chiron
599 1231 691 1282 suum3

133 1290 164 1340 in
176 1287 279 1339 coelum
292 1287 437 1353 Olympus,
447 1286 528 1339 tertio
540 1286 644 1354 positus
654 1286 756 1353 gradu,

132 1356 291 1418 Perrcnict,
302 1360 350 1406 ant
359 1357 490 1406 mittetur.
508 1368 595 1405 aurs.
606 1353 736 1408 Infandos
748 1356 845 1424 procui

132 1426 230 1477 Averte
240 1438 348 1488 sensus3
358 1423 477 1490 pectoris
487 1421 546 1471 sani
555 1434 665 1488 parum,

73 1493 123 1546 975
133 1493 227 1562 Magni
236 1497 340 1554 tamen,
352 1503 494 1556 compesce
504 1489 656 1541 dementem
665 1490 807 1558 impetum.

131 1576 219 1613 nnnc.
233 1560 304 1624 Quid
315 1557 384 1611 honi
395 1558 526 1625 Gigantes
537 1572 612 1610 arma
621 1559 849 1624 pestifcrimoven

131 1631 258 1699 Profugit
267 1629 377 1681 umbras
388 1629 501 1693 Tityos,
513 1640 559 1690 ac,
570 1628 690 1679 lacerum
701 1645 800 1697 gerens

130 1701 167 1750 Et
176 1702 256 1752 inane
267 1703 378 1765 pectus,
390 1710 471 1765 quam
480 1711 566 1764 propo
577 1710 594 1746 a
605 1697 683 1749 coelo
694 1700 784 1752 stetit!

130 1768 223 1819 Labat
230 1766 389 1828 Cithaeron,
400 1766 456 1816 alta
466 1765 576 1816 Pallene
587 1767 693 1830 tremit,

72 1834 122 1888 980
130 1837 322 1902 Macetumque
334 1835 446 1899 Tempe.
464 1832 565 1899 Rapuit
574 1831 618 1885 hic
628 1833 707 1886 Pindi
717 1837 795 1906 iuga3

129 1905 184 1955 Hic
194 1905 285 1969 rapuit
295 1903 396 1964 Osten;
407 1901 494 1951 saevit
505 1899 668 1954 horrendum
678 1904 793 1971 Mimas;

105 2002 108 2007 ,
129 1969 304 2024 Flammifera
314 1971 433 2035 Erinnys
443 1969 555 2022 verbere
566 1986 681 2024 excusso
691 1979 785 2039 sonat,

131 2040 267 2106 Rogisquc
278 2036 389 2089 adustas
399 2036 510 2104 propius
520 2052 553 2091 ac
563 2042 674 2109 propius
684 2042 766 2096 sudes

131 2109 162 2159 ln
174 2122 223 2157 ora
233 2106 332 2171 tendit3
344 2121 427 2158 saera
438 2106 600 2174 Tisiphone,
613 2117 696 2177 caput

72 2175 123 2229 985
135 2174 310 2242 Serpentibus
320 2174 433 2240 vallata,
443 2182 508 2245 post
518 2183 626 2246 raptum
638 2193 732 2230 canem
746 2182 748 2186 ’

132 2243 245 2296 Portam
255 2249 397 2296 vacantem
409 2244 505 2297 clausit
517 2248 642 2314 opposita
652 2246 721 2301 face.
728 2277 760 2289 -

132 2312 187 2364 Sed
199 2311 276 2364 cccei
287 2314 377 2379 proles
387 2315 459 2382 regis
469 2315 570 2366 inimici
579 2316 660 2377 latet,

131 2381 203 2447 Lyci
213 2379 359 2433 nefandum
370 2382 475 2435 semen!
486 2384 575 2435 inviso
587 2385 659 2450 patri

131 2451 209 2502 Haec
220 2449 316 2502 dextra
325 2454 380 2503 iam
389 2466 439 2503 vos
448 2451 557 2502 reddetl
568 2452 698 2504 Excutiat
709 2454 782 2510 leves

72 2518 122 2571 990
132 2519 237 2569 Nervus
248 2518 375 2587 sagittas!
387 2521 457 2571 Tela
467 2521 507 2571 sic
517 2522 588 2571 mitti
599 2520 678 2573 decet

130 2587 276 2640 Herculea.
294 2600 395 2640 nuru.
413 2589 474 2650 Quo
485 2604 515 2640 se
527 2603 626 2640 coecus
637 2591 751 2660 impegit
761 2592 849 2646 furor!

130 2658 246 2709 vastum
256 2656 360 2710 coactis
369 2655 446 2713 flexit
455 2670 549 2711 arcum
559 2657 699 2722 cornibus,
