1860 2970
222 169 503 226 P110ElesnE.
538 176 625 228 tc'r.
644 178 664 227 1.
822 181 856 234 93

56 275 256 328 Armavitaliis.
293 276 401 342 Optime
411 277 487 344 regni
498 277 552 327 rnei

55 347 155 398 Fatum
164 346 223 411 ipse
235 344 310 394 nori:
321 358 401 395 uerno
413 345 470 397 sine
482 359 561 396 sacru
571 344 641 399 feret

58 414 128 465 lllud
140 427 247 464 cruore.
282 413 383 481 Magna
394 414 534 480 praesagit
545 415 616 466 mala

56 483 194 534 Paternus
206 482 319 532 animus.
354 482 432 532 lauta
442 483 495 532 iam
508 487 571 533 aunt
581 486 685 536 semina

57 551 147 603 Cladis
159 550 282 601 futurae:
294 549 429 616 spernitur
439 552 514 618 pacti
525 549 606 614 fidem
729 584 733 589 -
808 557 856 604 utu

56 622 109 671 llic
122 624 258 685 occupato
270 617 367 670 cedere
376 618 491 684 irnperio
501 626 597 686 negat3

56 689 101 739 lus
111 687 157 739 ille
169 693 198 738 et
207 687 254 736 ictr'
267 685 385 738 foederis
395 692 480 738 testes
490 687 557 739 deos

56 758 184 817 Invocat,
197 761 224 807 et
234 756 320 822 Argos
332 756 394 805 exul
405 760 485 823 atque
497 756 577 808 urbes
587 763 679 812 movet

59 826 158 876 Graias
168 825 195 874 in
208 838 291 874 arma.
327 822 388 874 Non
399 822 465 874 len's
476 823 555 876 fessis
565 827 639 876 venit

59 894 148 945 Ruina
160 890 275 942 Thebis:
285 892 353 955 tela,
365 892 503 953 flammae,
516 892 629 944 vulnera
809 897 857 943 285

59 964 179 1022 instant,
191 967 220 1012 et
229 962 289 1011 istis
300 961 322 1011 si
334 961 406 1028 quod
418 967 460 1011 est
471 963 557 1012 maius
566 961 679 1018 malurn:

59 1032 95 1082 Ut
107 1045 169 1082 esse
179 1031 286 1096 genitos
296 1044 375 1081 nemo
387 1043 442 1080 non
455 1043 489 1080 ex
499 1044 542 1080 me
552 1031 631 1080 sciat.

60 1113 135 1150 nur.
155 1096 185 1149 Si
196 1097 280 1161 nussa‚
310 1100 414 1161 enitor,
425 1111 508 1149 causa
518 1098 624 1149 urendi
635 1098 683 1149 tibi
694 1102 748 1160 est,

59 1169 138 1220 Haec
150 1181 205 1218 una
216 1113 321 1218 abunffe
333 1172 388 1228 est,
398 1171 429 1218 ut
439 1172 518 1233 pater·
528 1171 625 1234 gnatos
636 1181 717 1234 regas

61 1238 191 1288 Graviter
200 1233 329 1286 furentes.
365 1237 409 1285 Tu
419 1236 494 1302 impii
504 1235 568 1286 belli
579 1238 666 1288 minas
809 1237 858 1285 290

59 1307 189 1357 Avertere
200 1320 269 1355 unus
275 1341 283 1367 ‚
294 1311 376 1371 tuque
386 1304 518 1355 recondes
528 1310 608 1371 potes

59 1373 186 1426 inhibere
196 1374 322 1436 iuvenes,
335 1372 438 1423 uiribus
449 1387 545 1440 pacem
556 1373 635 1435 dare,

58 1442 170 1494 Patriae
182 1443 312 1509 quietem,
323 1440 429 1494 foedera·
438 1441 515 1492 laeso
526 1441 615 1494 fidem.

58 1511 151 1565 Vitam
162 1511 211 1562 tibi
221 1513 280 1576 ipsu
291 1512 313 1561 si
325 1525 422 1578 negas,
434 1509 524 1561 multis
536 1525 629 1577 negas.

59 1593 176 1632 θεοῖν.
193 1579 249 1631 luis
260 1581 381 1646 parentis
391 1579 460 1630 ullus
471 1584 519 1630 aut
529 1578 608 1644 aequi
620 1582 662 1628 est
673 1590 761 1638 amor,
809 1578 857 1627 295

56 1650 147 1700 Avidis
159 1646 277 1710 cruoris,
287 1649 397 1715 imperi,
409 1661 560 1710 armorum,
571 1646 639 1707 doli,

55 1716 144 1781 Diria,
155 1717 294 1780 scelestts,
305 1717 426 1769 breviter
437 1721 467 1766 ut
478 1715 580 1766 dicam:
591 1712 675 1766 meist

57 1786 169 1840 Certant
179 1786 208 1838 in
220 1799 298 1837 omne
308 1783 428 1849 facinus,
439 1790 468 1836 et
478 1785 555 1851 pensi
564 1781 629 1834 nihil

55 1854 180 1919 Ducunt,
190 1855 238 1907 ubi
246 1854 307 1906 illos
317 1856 359 1907 ira
370 1855 535 1921 praecipites
546 1857 623 1920 agat3

55 1922 192 1993 Nefasque
204 1923 320 1985 nullum,
332 1927 382 1990 per
392 1922 469 1974 nefas
480 1923 550 1983 nati,
562 1927 667 1988 putant.
806 1920 854 1970 300

55 1991 112 2045 Non
124 1994 213 2062 patris
222 1992 284 2044 illos
295 1990 496 2060 tangit-adflicti
507 1991 609 2059 pudor,

54 2059 112 2114 Non
122 2063 229 2131 patria3
240 2074 324 2129 regno
336 2067 432 2128 pectus
443 2062 588 2112 attonitum
598 2059 673 2111 furit.

55 2127 129 2195 Seio,
142 2145 199 2199 quo
210 2129 347 2192 feruntur,
359 2135 460 2198 quanta
471 2130 559 2181 moliri
568 2132 680 2199 parent3

55 2198 172 2268 Ideoque
183 2199 232 2251 leti
243 2213 344 2266 quaero
356 2205 490 2257 maturant
500 2200 584 2260 riam,
807 2248 811 2254 ,

54 2266 178 2337 Morique
189 2281 321 2334 propero,
333 2267 396 2319 dum
406 2269 434 2319 in
445 2267 526 2319 domo
536 2281 617 2319 nemo
628 2271 670 2317 ast
680 2277 742 2316 mea
804 2262 853 2311 305

55 2336 206 2391 Nocentior
216 2351 268 2387 rne.
306 2336 411 2400 Gnata‚
424 2337 488 2404 quid
498 2337 620 2404 genubus
631 2335 698 2384 mein

53 2404 111 2459 lues
122 2403 272 2457 advoluta?
289 2405 353 2472 quid
363 2420 445 2472 prece
455 2406 616 2457 indomitum
628 2399 739 2453 domant

54 2473 138 2527 Unum
148 2474 204 2526 hoc
214 2472 299 2525 habet
308 2472 443 2537 Fortuna,
455 2489 508 2541 quo
518 2474 621 2541 possim
631 2469 707 2534 capi,
794 2482 798 2489 ·

55 2543 171 2596 Inuictus
184 2543 257 2596 aliis:
269 2541 328 2593 sola
337 2547 368 2592 tu
381 2542 504 2594 adfectus
516 2546 595 2608 potes

55 2611 160 2665 Mollire
173 2610 273 2672 duros,
284 2610 343 2661 sola
353 2612 482 2676 pietatem
492 2611 519 2660 in
530 2612 611 2660 domo
709 2644 715 2663 .
802 2605 852 2653 310

55 2678 160 2738 Docere
170 2685 277 2733 nostra.
312 2677 358 2730 Nil
368 2693 451 2747 grave
463 2685 510 2731 aut
521 2678 706 2731 miserunaat
715 2671 805 2732 nnn,
