1860 2970
221 479 418 546 ACTUS
454 481 694 548 PRIMUS.

219 648 426 709 eunrrtm,
447 639 691 698 nuereomn.

111 746 225 805 Oednpnnn
248 748 277 792 ab
296 746 404 792 metituta
416 754 611 801 remurmurat,
627 752 792 808 persuadetque
801 752 857 808 filiu

55 804 173 862 Antigone
182 804 314 860 munnere
323 805 391 849 coeci·

56 943 122 981 oen
130 943 174 986 ιν,
193 894 290 982 Coeoi
299 932 420 998 parentis
430 932 564 999 regimen,
576 946 608 982 ne
619 929 685 984 fessi
697 935 805 984 unicum

55 999 146 1052 Putris
156 999 294 1064 levamen,
304 1007 401 1069 gnate,
412 1016 493 1067 quem
503 1002 572 1051 tanti
583 1004 625 1051 est
636 999 701 1052 mihi

56 1069 193 1122 Genuisoe
202 1069 246 1121 rel
257 1070 310 1132 oie,
322 1070 417 1123 desere
427 1069 575 1120 infaustum
585 1071 703 1135 patrem!

55 1139 86 1190 ln
95 1144 176 1190 reeta
186 1138 251 1206 quid
262 1137 384 1190 deflectis
396 1144 531 1190 errantem
541 1137 673 1206 gradum?

54 1206 189 1259 Permitto
199 1206 267 1258 lehi!
281 1207 381 1260 Melius
390 1208 525 1259 inveniam
534 1209 620 1270 riam,
841 1211 855 1256 5

56 1278 146 1339 Quam
157 1289 273 1344 quaero,
284 1277 372 1334 solus,
384 1290 453 1344 quae
462 1291 506 1329 me
519 1275 553 1328 ab
564 1275 616 1328 hae
628 1276 685 1328 vitu
695 1275 830 1338 extrahet,

55 1347 92 1398 Et
102 1344 157 1397 hoe
167 1344 277 1397 nefandi
287 1345 383 1413 cupitis
395 1346 526 1412 adspectu
537 1346 608 1398 leret
788 1386 790 1390 ⁷

56 1416 170 1467 coelum
181 1419 263 1483 atque
272 1420 369 1467 terrae.
389 1415 554 1477 Quantulum
565 1413 617 1466 hae
629 1415 672 1482 egi
683 1413 780 1464 monui

54 1483 117 1536 Non
127 1483 208 1535 rideo
218 1499 307 1537 noxae
318 1486 459 1536 eonneium
467 1490 578 1535 nostrae
589 1483 659 1534 diem
669 1500 676 1545 3

54 1551 110 1605 Sed
119 1551 224 1605 videor.
241 1554 314 1605 Eine
324 1554 380 1605 iam
390 1552 465 1605 eolre
476 1551 662 1604 inhaerentem
672 1565 795 1615 manum,
827 1555 856 1599 tu

53 1621 91 1673 Et
100 1626 198 1690 patere
210 1636 335 1685 eoeeum,
346 1636 400 1691 quo
409 1621 498 1685 volet,
509 1619 576 1672 ferri
587 1618 697 1687 pedem!

31 1691 32 1695 ’
53 1689 175 1754 1b0‚ibo
181 1726 190 1753 ,
203 1691 413 1759 qua'praernpta
423 1690 563 1758 protendit
572 1691 638 1758 iuga

53 1759 133 1812 Meus
146 1756 307 1825 Cithuer0n3
320 1775 373 1829 qna
383 1759 524 1828 peragrati
535 1758 608 1811 celer

54 1827 109 1881 Per
118 1841 188 1880 naxo
198 1829 299 1882 montis
307 1830 394 1881 iacuit
402 1831 540 1892 Actaeon,
551 1829 607 1880 ouis
619 1886 623 1894 ¹

55 1895 133 1950 Novo
143 1897 248 1965 praeda
258 1898 384 1961 ennibuo3
396 1914 450 1967 qua
459 1914 509 1966 per
521 1898 666 1950 obscurum
676 1911 770 1950 uentus
823 1897 855 1946 45

55 1964 211 2035 silvamque
221 1981 325 2039 opacae
335 1968 412 2020 vallio
422 1969 564 2019 instinctas
576 1967 628 2019 deo

54 2034 118 2102 Egit
128 2049 239 2088 sorores
250 2042 351 2100 mater,
363 2043 391 2088 et
402 2037 523 2104 gaudens
533 2035 605 2087 maio

55 2102 187 2171 vibrante
198 2105 282 2156 fixum
293 2107 425 2172 praetulit
431 2105 528 2172 thyrso
540 2111 635 2172 eaput3

54 2171 105 2224 Vel
116 2188 171 2240 qua
181 2176 301 2226 cucurrit
314 2189 413 2241 eorpus
422 2176 538 2226 invisum
548 2173 660 2226 trahens

56 2240 134 2294 Zethi
143 2244 288 2307 iuvencus,
300 2258 353 2311 qua
363 2259 413 2310 per
423 2242 567 2297 horrentes
577 2243 660 2294 rubos
822 2245 855 2290 20

18 2346 21 2379 :
56 2309 139 2362 Tauri
150 2311 252 2365 ierooin
263 2313 372 2380 sanguin
385 2311 609 2380 ostentatwfugns3

18 2394 22 2407 ·
55 2376 104 2430 Vel
115 2394 170 2448 qna
179 2380 236 2432 alta
244 2383 331 2432 mam'a
342 2383 444 2433 vertice
454 2383 585 2434 immenso
597 2383 696 2448 premit

55 2445 161 2501 Minora
170 2465 264 2518 rupen,
276 2465 329 2519 qua
338 2452 426 2503 scelus
437 2448 545 2516 fugiens
556 2450 657 2511 ferum,

56 2515 215 2588 Notumque
225 2518 442 2583 faciens,mater
451 2520 554 2572 insiluit
564 2517 650 2581 freto,

57 2585 179 2642 Mensura
188 2594 282 2640 nutum
293 2589 389 2658 nequet
406 2590 525 2649 Felices,
538 2588 634 2655 quibus
823 2589 854 2636 25

56 2654 175 2712 Fortuna
184 2659 281 2712 melior
289 2664 347 2713 tom
357 2659 444 2715 bonas
455 2663 557 2711 matres
568 2655 654 2710 dedit!
