1860 2970
69 126 119 176 240
254 121 287 173 L.
322 118 479 173 ANNAEI
498 117 691 175 SENEctss
775 130 779 135 '

131 229 245 280 Gratum
255 231 296 275 est
307 229 336 277 et
344 222 418 275 illud.
452 221 809 297 Voeeiemextramapete,

70 298 119 351 555
130 296 186 359 Ne,
196 296 283 361 rique
293 299 386 344 noster
396 292 492 344 dubius
503 292 600 349 effudit
610 294 699 358 dolor,

129 366 260 417 Maneant
270 364 299 413 in
309 361 398 412 auimo
409 360 502 413 verbe.
535 362 659 415 Melioris
670 364 722 417 tibi

129 433 265 486 Memoria
273 430 360 482 nostri
369 429 477 493 sedeat3
488 428 558 482 haee
567 433 625 484 irae
636 432 704 486 data

132 503 337 557 oblitterentur.
373 509 437 550 ras.
458 499 556 551 Omnia
567 514 602 552 ex
612 503 704 554 animo
716 506 818 571 expuli;

133 574 302 638 Precorque,
313 572 341 620 et
349 570 411 635 ipsa
420 565 553 621 fervidam
561 574 593 621 ut
602 576 722 624 mentem
731 587 818 642 regar,
841 615 846 626 .

73 643 123 695 560
133 639 297 706 Placideque
308 643 423 690 nautes:
435 638 557 690 miserias
566 637 634 691 lenit
645 640 730 707 quien.

133 722 210 761 nun.
219 708 361 759 Discessit.
395 707 464 758 lteri'
476 704 535 758 esti
552 707 629 759 vadia
641 708 741 761 oblitus
752 714 805 763 mei

131 780 170 831 Et
180 783 224 830 tot
233 789 356 828 meorum
366 773 535 827 facinorum?
554 776 783 831 excidimustibii

132 847 275 914 Nunquam
287 843 450 897 excidemus.
464 873 469 881 ·
483 843 547 894 Hoc
558 842 621 911 agei
633 859 728 898 omnes
738 847 838 907 advoca

132 916 212 968 Vires
222 918 252 966 et
261 912 346 965 artes!
366 913 483 964 Fructus
495 917 537 964 eet
552 913 687 966 scelerum
698 915 757 979 tibi,
910 922 915 1021 Ι

74 985 123 1040 565
135 984 242 1036 Nullum
252 982 339 1034 scelus
351 986 456 1048 putare.
492 979 546 1032 Vix
556 979 646 1034 fraudi
656 989 700 1036 est
708 984 798 1038 lucus:
910 1034 913 1053 ,

133 1055 280 1104 Τ5555555
316 1051 377 1102 Hae
389 1048 552 1118 adgredere,
564 1063 617 1116 qua
626 1066 707 1105 nemo
719 1059 812 1120 petest
910 1060 913 1093 ³

134 1117 405 1187 Quidquemtimerei
425 1117 527 1187 Perge!
548 1121 821 1190 nuneaude,ineipe‚

133 1188 268 1255 Quidquid
277 1193 383 1254 potest,
393 1187 506 1253 Medea,
517 1184 646 1257 quidquid
654 1205 709 1243 555
721 1191 822 1258 petest!

132 1261 189 1320 Tu,
201 1257 256 1308 fida
265 1258 370 1320 nutrix,
383 1258 459 1308 socia
467 1259 599 1309 moeroris
610 1258 666 1310 mei

72 1330 123 1383 5ἴο
132 1328 262 1393 variique
274 1340 366 1389 casus,
376 1326 477 1377 misere
486 1325 599 1378 consilia
609 1327 719 1381 adiuva!

132 1400 182 1449 Est
190 1395 263 1463 palla
274 1396 365 1456 nobie,
376 1410 472 1446 munus
484 1393 623 1448 aetheriae
634 1397 741 1461 demus,

131 1468 276 1532 Decusque
286 1465 375 1531 regni,
386 1465 483 1530 pignus
493 1464 593 1517 Aeetae
606 1463 700 1519 datum

133 1539 152 1586 Α
165 1534 228 1586 Sole
239 1535 359 1601 generis3
370 1538 413 1583 est
423 1539 451 1584 et
461 1547 528 1584 auro
539 1534 629 1586 textili
710 1597 715 1606 Ι

132 1604 232 1656 Monile
243 1603 361 1670 fulgens3
373 1601 498 1669 quodque
508 1617 677 1668 gemmarum
686 1608 760 1657 nitor

73 1677 123 1730 555
135 1674 284 1739 Distinguit
295 1687 403 1735 aurum,
414 1685 468 1739 quo
480 1672 569 1723 solent
579 1674 651 1741 cingi
661 1688 766 1728 comae.

132 1744 210 1795 llaec
220 1747 314 1792 nestra
327 1742 384 1792 nati
394 1742 466 1793 duna
475 1740 588 1793 nubenti
598 1741 698 1808 ferant,

133 1810 188 1863 Sed
199 1815 261 1863 aute
273 1810 338 1862 diris
347 1811 425 1862 inlita
435 1825 466 1862 ae
476 1811 564 1861 tincta
574 1811 687 1863 artibus.

132 1881 254 1934 Vocetur
266 1881 382 1932 Hecate.
417 1877 762 1948 Sacraluetitieaadpara:

133 1949 295 2002 Stetuantur
305 1965 383 2014 erae,
394 1948 503 2001 flamma
511 1949 567 2002 iarn
577 1952 658 2003 tectis
669 1959 758 2004 sonet.

383 2125 566 2173 UHORUS.

130 2244 198 2288 canit
208 2242 301 2294 Girumu,
312 2241 438 2294 „Reiectue
444 2243 515 2288 uxori
523 2248 579 2300 quent
588 2253 665 2286 umore
675 2244 765 2287 (wieres
771 2242 859 2301 polide.
928 2265 930 2303 3

72 2308 191 2359 nrt-tumque
195 2301 278 2357 furem
287 2299 438 2357 quidfemina
443 2305 544 2355 pomt‘¹
555 2305 579 2342 et
588 2312 639 2343 cum
648 2299 718 2342 reteri
723 2300 860 2358 Argonautae
927 2332 930 2350 .

67 2370 156 2413 poenas
166 2358 271 2402 dederint
279 2357 363 2400 violati
372 2356 456 2409 maris,
467 2355 548 2400 Iasoni
556 2357 609 2399 bene
615 2364 734 2412 precatur.

72 2447 123 2499 580
134 2447 213 2499 Nulla
222 2449 261 2500 vis
272 2447 396 2502 flammae
406 2449 555 2516 tumidique
565 2450 640 2502 nenti

131 2520 235 2583 Territa,
246 2533 296 2572 nee
305 2518 354 2585 ¹teli
363 2519 509 2570 metuende
519 2522 595 2583 torti,

122 2592 253 2659 Quanta,
265 2607 331 2647 euin
341 2589 444 2644 coniux
451 2587 659 2641 uiduatataedir

503 2655 708 2716 arietante,
