1860 2970
173 137 224 193 ne
371 130 406 184 o.
423 126 580 184 susam
597 88 790 183 sunnone

230 237 357 289 Alumna:
368 236 413 286 vix
422 238 451 286 te
461 233 548 285 tacite
558 229 681 291 defendit
690 232 777 299 quies.

231 319 307 358 uun.
319 306 443 357 Fortuna
452 301 538 355 sortes
548 302 657 363 metuit,
669 302 678 350 i
700 315 787 353 navos
797 303 887 368 premi*

170 375 221 427 160
232 389 276 426 uu
284 387 336 424 uu.
347 374 425 423 Tune
435 377 478 424 est
486 369 642 440 probanda,
654 316 781 420 siffocum
791 370 887 424 druis]

231 457 310 496 nuo.
321 441 464 510 Nunquam
472 445 564 507 potest
574 453 629 489 non
641 453 701 490 esse
711 439 808 489 virtuti
826 439 887 493 loeo

231 526 332 564 nura.
344 509 413 578 Spes
424 509 498 560 nulla
507 511 642 559 monstrat
652 506 735 558 rebus
747 505 887 560 adflictisr

233 594 308 632 usn.
321 580 375 640 Qui
383 578 421 629 nil
429 582 522 646 potest
532 590 657 642 sperare,
669 575 798 640 desperet
808 575 884 628 nihil.

232 662 329 700 suun.
339 646 436 698 Abiere
443 643 549 706 Colchi3
561 643 684 712 coniugis
694 643 770 694 nulle
780 651 825 698 est
836 645 887 699 fide

172 717 223 771 165
235 715 362 784 Nihilque
372 719 496 781 superest
508 712 604 780 opibus
615 725 630 761 e
642 713 726 763 tantis
737 713 799 765 tibi.

233 800 312 838 uun.
323 783 424 836 Medea
435 787 573 848 superest3
584 778 628 833 hie
639 795 715 832 mare
725 787 755 832 et
766 782 887 838 terrain

233 856 401 919 Ferrumque
411 857 440 903 et
448 853 525 918 ignes
537 854 565 902 et
575 849 641 900 deos
652 854 680 900 et
690 847 814 903 fulmina.

234 937 335 975 nuru.
346 921 406 972 Rex
417 925 459 975 est
469 919 613 971 timendus.
641 931 722 970 uun.
733 919 880 991 Rpxmeus

647 993 736 1055 pater.

236 1071 337 1110 nuru.
356 1055 419 1109 Non
433 1056 532 1110 metuis
549 1055 641 1109 armai
661 1070 741 1176 eglon.
753 1054 815 1110 Sint
828 1057 887 1115 lieet

389 1163 393 1170 -
649 1141 664 1177 e
686 1126 732 1177 'ta

175 1194 478 1249 iiusuundioriere.
506 1195 693 1262 usocupio.
721 1207 826 1246 nura.
847 1194 885 1247 Pr

652 1263 881 1316 usn-‚Poenituit

235 1332 336 1385 Medea
345 1329 466 1398 fugiam?
486 1345 589 1384 nura.
603 1332 743 1450 Mateges.
765 1340 844 1383 usn.
862 1334 887 1384 cn

648 1401 675 1451 vi
696 1414 734 1452 es.

235 1481 337 1521 nura.
356 1466 509 1536 Profugere
520 1467 645 1523 dubitaui
664 1481 743 1519 usn.
757 1469 887 1536 Fugiam3

648 1538 736 1588 cisear
745 1539 830 1603 prius.

235 1618 337 1658 nuru.
348 1605 457 1659 Vindex
471 1611 609 1675 sequetur.
628 1620 708 1659 uuo.
723 1604 832 1660 Forsan
847 1608 887 1659 int

647 1689 747 1726 moras.

236 1756 335 1794 nura.
347 1744 592 1810 compesceres-ba
602 1744 754 1811 parneium,
766 1743 888 1808 demens,

175 1812 227 1865 175
238 1813 402 1879 Animosque
412 1813 515 1862 minue:
527 1815 644 1880 tempori
656 1814 745 1879 aptari
756 1812 847 1865 decet.

238 1891 315 1930 ntro.
325 1881 451 1931 Fortuna
461 1894 527 1945 opes
537 1881 658 1943 auferre,
669 1895 723 1932 non
735 1883 870 1947 animum,
881 1898 887 1950 1

237 1947 292 2001 Sed
303 1949 380 1998 cuius
390 1949 447 1999 ictu
457 1950 547 2015 regius
559 1948 642 1999 cardo
653 1948 768 2015 strepit?

237 2017 299 2082 ipse
310 2021 352 2070 est
361 2016 479 2084 Pelasgo
491 2017 609 2068 tumidus
619 2018 734 2084 imperio
747 2019 847 2072 Creon.

405 2135 561 2192 ceron,
581 2134 753 2182 MEDEA.

234 2214 416 2261 Creondledeam
423 2218 448 2260 in
457 2215 549 2261 esiliam
555 2227 655 2273 propere
664 2217 728 2260 adire
737 2215 836 2275 inperio
846 2231 887 2276 urg

176 2270 224 2315 «uei
229 2271 294 2316 unius
303 2285 394 2316 moram
401 2273 443 2317 uis
450 2271 569 2329 capenae

237 2375 286 2413 oa.
297 2360 397 2415 Medea
403 2400 412 2427 ,
424 2362 516 2415 Colchi
526 2364 637 2415 noxium
646 2363 748 2415 Aeetae
758 2356 856 2432 genus,

177 2429 227 2483 180
237 2428 364 2483 Nondum
374 2432 441 2484 meis
454 2438 582 2499 exportat
593 2447 607 2483 e
617 2434 708 2500 regnis
718 2433 827 2500 pedem.

235 2497 350 2552 Molitur
360 2500 473 2568 aliquid:
484 2507 551 2552 nota
559 2500 648 2563 fraus,
661 2506 728 2553 note
738 2508 782 2553 est
791 2519 887 2557 manus

235 2568 285 2622 Cui
296 2569 387 2639 parcit
396 2569 458 2634 iiia,
469 2585 583 2639 quernre
592 2584 718 2620 seeurum
727 2572 810 2622 sinit?

224 2639 353 2699 Abolere
364 2657 488 2716 propere
498 2635 820 2711 pessinuntensium
