1860 2970
80 143 133 194 uso
235 164 238 168 ›
279 139 314 193 u.
340 136 496 193 suusnr
525 98 717 194 snurcsu

80 246 149 300 1080
161 245 292 307 Oberrat,
304 243 378 296 omni
387 248 466 311 parte
476 247 609 295 terrorem
618 256 740 295 movens.
779 262 787 279 ν

161 314 224 366 Non
233 313 311 365 licuit
320 312 393 367 ultra
402 311 584 380 iugerernam
593 317 655 363 toto
666 313 764 365 obvius
806 339 808 343 ·
842 348 845 353 -

159 383 277 434 Incurrit
287 396 335 434 ore
347 383 473 449 corniger
481 382 560 448 ponti
569 380 705 434 horridus.

160 453 233 504 Tum
243 465 309 503 vero
320 446 419 518 pavida
428 449 572 517 sonipedes
581 455 673 503 mente
683 451 767 502 exciti

47 560 50 565 .
143 541 145 544 ’
161 521 279 587 lmperia
289 519 410 582 solvunt,
422 533 505 585 seque
516 519 655 572 luctantur
664 520 729 588 iugo

83 589 152 642 1085
164 590 293 657 Eripere,
303 589 425 655 rectique
435 588 463 639 in
474 587 558 654 pedes
568 590 673 640 iactant
684 590 760 640 onus.

162 658 301 725 Praeceps
309 659 340 709 in
350 671 400 708 ora
410 655 486 708 fusus
495 657 628 723 implicuit
637 657 739 708 cadens

165 728 279 795 Laqueo
290 725 380 778 tenaci
392 739 490 843 cerpus
497 740 504 788 ς
517 731 546 776 et
556 732 657 793 quanto
667 727 755 794 nragis

164 796 287 864 Pugnat,
298 808 429 862 sequaces
460 808 494 845 oc
503 796 590 862 magis
601 795 689 846 nodos
699 795 776 862 ligat.

165 863 282 918 sensere
292 862 410 931 pecudes
421 860 540 924 lacinus,
552 868 580 914 et
591 877 672 914 curru
682 862 744 926 levi,

85 934 154 988 1000
163 935 329 986 Dominante
340 931 426 994 nullo,
439 939 493 998 qua
502 933 584 982 timor
592 932 684 995 iussit,
696 939 787 983 ruunt.

164 1004 240 1056 Talis
250 1018 300 1070 per
309 1016 390 1053 auras
401 1016 455 1055 non
465 1015 544 1051 suum
555 1015 707 1068 agnosmm
717 1016 796 1063 onus,

155 1071 277 1140 ‘Solique
287 1070 358 1123 lalso
370 1070 503 1122 creditum
511 1069 654 1138 indignans
665 1069 746 1131 diem,

166 1138 342 1194 Phaethonta
352 1154 447 1190 currus
458 1139 537 1190 derio
549 1139 668 1190 excussit
678 1139 752 1204 polo.

163 1208 235 1262 Late
246 1212 461 1272 cruentatam,
472 1213 500 1260 et
509 1207 617 1259 inlisum
627 1213 711 1274 caput

85 1280 153 1335 1095
166 1276 293 1345 Scapulis
303 1274 427 1328 resultat.
463 1274 597 1327 Auferunt
608 1277 680 1327 dumi
692 1288 795 1339 corruas,

167 1349 204 1399 ut
214 1361 264 1399 ora
274 1345 357 1397 durus
369 1344 464 1412 pulcra
473 1345 621 1412 populatur
631 1345 709 1412 lapis,

164 1416 294 1483 Peritque
303 1413 389 1466 multo
400 1412 510 1465 vulnere
518 1411 613 1465 infelix
623 1414 715 1466 decor.

163 1483 331 1538 Moribunda
340 1484 443 1536 celeres
453 1483 576 1534 nrenrbra
587 1483 757 1550 provolvunt
762 1489 840 1536 rotae
849 1504 855 1548 ;

163 1555 346 1623 Tandemque
356 1558 465 1621 raptum
475 1557 588 1602 truncus
601 1552 726 1603 anibusta
736 1553 804 1606 sudo

86 1623 288 1677 nicomediam
299 1640 348 1692 per
357 1626 456 1691 inguen
467 1622 560 1689 stipite
570 1627 663 1673 erecto
674 1628 760 1686 tenet,
794 1645 804 1654 ν

164 1694 335 1761 Paulumque
347 1694 455 1745 domino
466 1706 562 1743 currus
573 1691 663 1743 adfixo
671 1692 761 1747 stetit.

163 1764 289 1816 Haesere
299 1763 404 1830 biiuges
414 1763 538 1824 uulnere,
552 1767 580 1814 et
590 1763 693 1828 pariter
703 1777 810 1814 morum

166 1833 366 1899 Dominuurque
377 1836 514 1897 rumpunt.
532 1831 764 1893 lndcsemianir·..0
773 1837 888 1886 usecaut

17 1965 22 1969 ,
165 1901 307 1968 Virgultn3
319 1901 406 1951 acutis
418 1900 507 1967 asperi
517 1915 614 1967 reptes
624 1900 708 1963 rubis,

87 1969 156 2023 1105
168 1970 316 2035 Omnisque
327 1975 439 2019 truncus
452 1970 576 2034 eorporis
587 1975 694 2035 partem
704 1969 775 2020 tulit.
870 2026 872 2030 ,

167 2040 269 2089 Errant
281 2052 435 2104 peragras,
447 2036 582 2100 funebris,
592 2036 700 2101 sacculi,
710 2053 818 2102 manus,
891 2071 896 2080 ›

168 2107 224 2158 Per·
234 2105 293 2168 illa,
304 2120 356 2172 qua
366 2107 512 2158 distractus
523 2106 703 2173 Hippolytus,
714 2106 787 2170 loca,

168 2174 297 2242 Longum
308 2181 421 2226 cruenta
432 2177 569 2227 tramitem
579 2177 670 2243 signat
677 2182 744 2228 nota

167 2244 349 2311 Moestneque
361 2243 462 2296 domim
472 2245 594 2295 membro
603 2246 740 2311 vestigant
752 2260 843 2299 canes.

89 2314 157 2365 1110
167 2307 293 2365 Necdum
304 2312 442 2366 dolentum
452 2312 561 2365 sedulus
572 2315 661 2381 potuit
671 2315 747 2365 labor

168 2381 288 2448 Explere
301 2397 410 2450 corpus.
444 2383 569 2434 Hoecine
580 2389 622 2435 est
632 2383 737 2434 formae
748 2383 850 2440 decius?

172 2454 226 2513 Qui
235 2451 332 2512 modo,
343 2451 450 2519 paterni
461 2450 550 2503 clarus
560 2453 665 2518 imperii
678 2467 770 2506 comes

169 2522 208 2572 lit
219 2525 310 2572 cortus
320 2519 413 2584 heres,
424 2520 543 2572 siderum
554 2520 630 2572 fulsit
639 2521 730 2572 modo.

171 2589 280 2640 Passim
290 2589 325 2640 ad
335 2605 476 2656 supremos
488 2589 533 2640 ille
545 2589 681 2657 colligitur
690 2605 785 2659 rogus,

93 2658 161 2710 1115
171 2660 209 2712 Et
219 2657 308 2712 funeri
320 2657 467 2712 confertur.
492 2660 561 2708 uus
569 2670 592 2710 S.
612 2660 635 2710 0
647 2660 757 2711 numium
768 2668 876 2728 potens,
