1860 2970
80 124 114 176 58
277 121 312 174 1..
328 119 487 176 ANNAEI
504 117 695 175 SENECAE

138 225 264 278 Fratrem
274 223 384 277 videbit.
404 237 476 276 sar.
495 223 562 286 Quis
573 223 655 276 fidem
665 225 742 291 pacis
754 224 844 279 dabit!

79 293 129 347 295
142 297 192 346 Cui
201 291 393 345 tantacredett
416 306 492 344 arn.
504 292 668 344 Credulaest
677 295 850 363 spesimprob

140 362 237 414 Gnatis
248 368 339 413 tamen
350 362 492 423 mandata,
504 374 573 427 quae
584 366 683 426 patruo
694 360 801 427 ferant,

137 431 282 492 Dabimus;
293 431 394 481 relictis
405 429 467 481 exul
477 427 601 495 hospitiis
613 443 698 496 vagus

136 499 232 566 Regno
243 504 273 548 ut
282 500 405 550 miserias
417 502 518 560 mutet,
525 502 606 564 atque
616 499 704 564 Argos
714 503 808 567 regat,

136 566 179 618 Ex
189 573 267 634 parte
277 567 409 618 dominus.
428 564 458 616 Si
468 567 547 616 nimis
557 565 639 616 durus
650 580 747 631 preces

75 633 128 688 300
139 633 255 701 Spernet
265 633 414 700 'l'hyestest
425 633 527 685 liberos
537 634 594 684 eius
605 633 687 684 rudes

135 704 269 770 Malisque
280 702 369 754 fessos
379 701 506 768 gravibus
518 707 547 753 et
557 700 651 752 faciles
662 702 724 768 capi

135 771 426 823 Praecommovebunt.
445 770 517 823 Hinc
527 774 606 820 vetus
616 771 694 835 regni
705 769 797 832 furor,

135 840 211 890 Illinc
222 844 330 906 egestas
341 839 425 889 tristis
437 851 470 887 ae
480 837 562 888 durus
572 837 662 900 labor,

137 908 264 967 Quamvis
274 909 406 974 rigentem
416 911 459 956 tot
468 906 546 970 malis
556 905 681 973 subigent
691 904 786 957 virum.

76 973 126 1027 305
138 989 209 1026 sar.
227 976 285 1026 lam
295 983 402 1042 tempus
412 974 450 1024 illi
460 973 527 1025 fecit
538 988 681 1025 aerumnas
690 973 774 1025 leves.

134 1057 210 1094 Ara.
228 1045 325 1095 Erras:
336 1043 469 1095 malorum
480 1057 575 1094 sensus
585 1042 722 1093 adcrescit
732 1042 787 1094 die.

133 1111 209 1164 Leve
220 1116 262 1163 est
271 1113 392 1163 miserias
402 1110 488 1174 ferre,
501 1109 621 1176 perferre
633 1115 676 1161 est
685 1119 778 1177 grave.

135 1192 206 1230 sar.
224 1180 297 1231 Alios
306 1181 443 1232 ministros
454 1179 549 1233 consili
558 1179 643 1230 tristis
654 1179 730 1245 iege:

132 1246 234 1301 Peiora
241 1249 352 1300 iuvenes
362 1247 443 1299 facile
454 1253 601 1313 praecepta
611 1248 737 1311 audiunt3

73 1314 126 1367 310
136 1317 167 1367 Ιιι
177 1322 255 1384 patre
266 1315 382 1377 facient,
393 1315 521 1383 quidquid
530 1316 559 1366 in
570 1321 668 1382 patruo
680 1315 772 1368 doces.

134 1382 223 1451 Saepe
232 1386 260 1435 in
270 1387 430 1455 magistrum
440 1385 545 1437 scelera
555 1383 694 1435 redierunt
705 1399 764 1436 sua.

132 1466 208 1504 arn.
226 1455 263 1505 Ut
273 1468 353 1505 nemo
364 1453 463 1505 doceat
472 1451 575 1504 fraudis
586 1457 615 1504 et
624 1450 735 1504 sceleris
744 1453 814 1505 vias:

131 1521 255 1588 Regnum
265 1522 382 1574 docebit.
400 1520 442 1573 Ne
452 1521 516 1571 maii
527 1522 608 1584 fiant,
619 1519 716 1572 times?

131 1588 287 1642 Nascuntur
296 1590 378 1642 istud.
406 1589 486 1652 Quod
496 1603 579 1640 vocas
594 1602 852 1658 saevum,asperum

72 1655 236 1727 mergique
248 1660 306 1711 dire
319 1658 406 1710 credis
417 1665 445 1709 et
455 1659 565 1708 nimium
574 1658 671 1723 impie,
719 1688 722 1692 Δ

129 1726 259 1780 Fortasse
271 1727 460 1794 etillicagitur.
481 1739 552 1776 sar.
563 1724 775 1779 Hanctraudem
783 1726 852 1779 scien

131 1793 214 1846 Gnati
224 1794 332 1862 pararit
343 1795 441 1845 Tacita
451 1800 507 1845 tam
518 1794 630 1845 rudibus
641 1793 710 1846 tides

129 1861 193 1914 Non
203 1865 281 1915 estin
292 1863 381 1925 annis3
393 1862 522 1930 detegent
531 1861 625 1914 forsan
636 1862 728 1915 dolose

130 1931 237 1982 Tacere
247 1931 338 1981 multis
349 1930 461 1981 discitur
471 1933 542 1983 vitae
553 1932 639 1982 malis.

69 1995 121 2049 320
131 1999 257 2064 Ipsosne,
267 2013 317 2064 per
327 2012 395 2065 quos
404 1997 499 2052 fallere
510 1999 591 2053 alium
602 2001 721 2068 cogitas,

128 2067 233 2129 Falles,
244 2074 276 2117 ut
285 2068 337 2133 ipsi
351 2067 460 2118 erimine
472 2074 500 2119 et
512 2068 592 2135 culpa
600 2067 715 2120 vacent?

128 2148 206 2186 arn.
226 2135 296 2196 Quid
307 2136 379 2187 enim
388 2136 499 2188 necesse
510 2142 552 2187 est
562 2137 661 2189 liberos
672 2137 770 2189 sceleri
780 2148 840 2190 meo

128 2202 269 2255 insereret
279 2204 393 2256 Pernos
403 2205 506 2274 odiose
516 2211 611 2256 nostra
623 2205 806 2272 explicent.-

128 2272 203 2323 Male
215 2273 285 2340 agis,
297 2272 416 2335 recedis,
427 2272 527 2323 anime!
540 2271 568 2322 Si
578 2275 667 2339 parcis
677 2276 747 2339 tuis,

68 2338 118 2391 325
129 2341 231 2392 Parces
242 2347 271 2392 et
279 2341 329 2394 illi:
342 2341 435 2394 consili
443 2343 628 2407 Agamemnon
639 2341 693 2392 mei

129 2408 224 2461 Sciens
234 2411 357 2461 minister
368 2411 429 2471 fiat,
441 2416 469 2460 et
478 2410 550 2474 patri
561 2410 650 2460 sciens

126 2478 268 2529 Menelaus
280 2479 359 2530 adsit.
377 2476 464 2528 Proiis
472 2479 593 2528 incertae
605 2477 673 2528 fides

125 2547 169 2597 Ex
180 2544 233 2597 hoc
242 2552 353 2613 potatur
363 2543 474 2596 scelere.
494 2543 523 2595 Si
532 2544 604 2595 bella
614 2546 737 2597 abnuunt

126 2615 164 2663 Et
174 2628 269 2681 gerere
279 2615 374 2667 nolunt
385 2612 462 2676 odia,
473 2613 496 2664 si
508 2619 636 2681 patrarum
646 2623 761 2668 vocant:
