1860 2970
280 188 474 242 OEDIPUS.
511 192 598 246 AGT.
619 192 667 248 111.

63 292 149 346 Vocis
159 291 270 359 ignotae
281 291 399 345 clamore
409 293 525 362 primurn

61 363 181 413 llostico
193 361 309 427 experti,
524 364 535 374 ‘

65 431 179 496 Agmina
202 434 583 503 camposjcognatalteneut.

63 497 174 564 Digneq
193 499 291 548 eiacto
303 498 403 549 semine
414 497 515 564 proles,
575 493 579 502 ¹

63 567 124 617 Uno
136 571 255 617 aetatem
266 580 409 631 permensa
420 565 473 629 die,

62 634 132 687 Post
141 633 264 684 Luciferi
276 639 340 684 nata
351 639 467 695 meatus,

61 703 131 754 Ante
142 702 292 768 Hesperios
304 702 405 752 occidit
416 708 502 754 ortus.

61 772 166 822 Horret
175 771 257 821 tantis
269 770 373 821 advena
383 773 520 836 monstris,

61 840 212 906 Populique
222 840 301 890 timet
310 839 382 889 bella
392 842 526 892 recentis»

62 907 159 958 Donec
170 907 268 958 cecidit
278 921 360 958 saeva
370 909 507 970 iuventus,

64 976 242 1042 Genitrixque
253 991 302 1026 suo
314 976 391 1026 reddi
401 978 507 1042 gremio

61 1044 148 1094 Modo
160 1044 307 1110 productos
318 1045 385 1094 vidit
395 1045 527 1098 alumnos.

61 1113 123 1163 Hac
134 1113 271 1163 transierit
282 1112 359 1164 civile
370 1110 461 1162 nelael

63 1181 112 1231 llla
122 1180 275 1232 Herculeae
287 1182 378 1232 norint
387 1179 501 1233 Thebae
593 1191 597 1197 “

61 1249 170 1299 Proelia
181 1247 309 1299 fratruml

62 1317 133 1376 Quid
144 1317 254 1367 Cadmei
264 1316 447 1385 intemperie,

61 1387 128 1435 Cum
140 1386 239 1436 vivacis
252 1399 354 1437 cornua
365 1388 437 1437 cerri
466 1425 468 1429 .

60 1454 191 1505 Frontem
202 1455 284 1504 ramis
295 1459 388 1505 texere
399 1458 485 1520 novis,

60 1521 260 1589 Dominamque
271 1537 353 1573 canes
364 1537 445 1589 egere
455 1525 552 1578 suuml

59 1589 198 1656 Praeceps
208 1589 288 1642 silvas
300 1597 459 1658 montesque
469 1594 540 1662 fugit

58 1660 136 1710 (litus
148 1660 282 1722 Actaeon,
293 1659 410 1726 agilique
420 1663 508 1728 magis

58 1727 134 1778 Pede
146 1742 194 1794 per
204 1727 289 1778 saltur
300 1735 328 1778 et
339 1742 407 1778 saxa
416 1744 503 1796 vagus

57 1796 160 1848 Metuit
169 1801 258 1847 motae
268 1795 391 1863 zephyro
402 1798 518 1863 plumae,
623 1789 635 1809 ‘

57 1865 107 1926 Et,
119 1879 188 1932 quae
200 1865 303 1930 posuit,
313 1867 383 1917 retia
393 1868 478 1931 vitat3

57 1933 155 1987 Donec
164 1932 264 2000 placidi
275 1932 357 1985 fontis
367 1936 395 1986 in
406 1934 480 1987 unda

59 2004 169 2053 Cornua
178 2000 247 2052 vidit
256 2000 398 2070 vultusque
408 2002 493 2068 leros,

57 2071 109 2121 Ubi
120 2070 258 2138 virgineos
268 2069 376 2133 foverat
386 2077 463 2125 artur

56 2139 178 2193 Nimium
189 2139 264 2192 naevi
275 2139 338 2192 dira
346 2141 467 2209 pudoris.
