1860 2970
87 163 138 217 186
265 160 301 216 1..
335 158 493 215 ANNAEI
509 157 701 215 SENECAE

145 264 310 333 Pati-ineque
321 266 439 329 cineres,
448 267 531 332 teque
541 267 677 316 rectorem
689 261 839 334 Pfflgnm,

104 335 139 388 80
149 337 238 398 Quem
248 335 335 386 Troia
344 338 404 386 toto
416 333 554 386 eondItum
564 347 650 400 regno
659 333 739 401 tegit,

146 405 275 471 Tuesque
285 417 397 466 manes,
409 416 462 470 quo
473 403 550 455 stetit
559 406 649 454 stante
658 402 740 466 Ilien,

146 472 185 524 Et
193 487 243 525 vos
253 487 375 525 meorum
384 470 499 524 liberum
508 471 600 539 magni
610 485 719 539 greges,

146 541 266 595 Umbrae
275 542 408 593 minores:
421 541 551 610 quidquid
563 539 672 592 adversi
681 537 793 603 accidit,

148 611 333 678 Quaecunque
343 607 470 662 Phoebas
481 625 530 662 ere
539 607 682 676 lymphato
694 607 798 670 furens,

103 679 138 734 85
151 679 232 734 credi
241 679 293 730 deo
303 683 426 742 vetante,
436 678 573 747 praedixit
580 678 663 741 main

47 758 50 765 '
146 749 229 802 Prior
237 747 354 800 Hecuba
362 747 417 799 vidi
425 747 553 816 gravida,
564 763 616 802 nec
625 745 702 798 tacui
710 749 811 807 metus,

20 859 66 911 ἡ
110 886 120 929 ὲ
133 814 678 953 :Regffigstgznaffitffinfflffm
690 864 786 935 comes

22 962 33 977 ”
147 954 305 1007 Nocturnus
314 955 343 1004 in
352 967 401 1005 vos
410 953 525 1020 sparsit,
537 958 585 1006 ant
594 953 680 1004 fallax
690 950 790 1003 Sinon:

105 1025 141 1078 4⁰
150 1025 230 1075 Meus
240 1023 310 1089 ignis
319 1022 373 1074 iste
384 1027 439 1084 est,
450 1021 556 1073 facibus
567 1022 668 1074 ardetis
678 1021 756 1071 meis.

150 1090 205 1144 Sed
216 1090 381 1158 quiiminus
390 1091 465 1142 urbis
477 1105 588 1144 eversae
599 1090 695 1159 gensis,

65 1198 71 1206 .
148 1158 391 1215 Vivexsenectusi
411 1160 527 1226 Respice
537 1159 632 1212 infelix
643 1157 678 1209 ad
687 1155 739 1208 hus

41 1211 69 1293 δ
87 1248 90 1256 ·
149 1226 256 1280 Luctus
266 1233 402 1279 recentes:
413 1228 499 1279 Troia
507 1229 563 1279 iam
572 1233 651 1281 vetus
662 1230 705 1277 est
714 1224 824 1279 malum.

149 1296 214 1351 Vidi
225 1296 406 1348 execrandum
415 1298 509 1375 regine
520 1296 612 1348 caedis
622 1293 710 1357 nefas,

106 1365 141 1421 45
151 1366 282 1432 ipsasque
293 1363 329 1415 ad
340 1379 401 1416 aras
412 1368 500 1416 mains
511 1365 657 1417 admissum
668 1361 759 1415 scelus

34 1430 43 1448 ‘
151 1434 252 1487 Aiacis:
264 1434 345 1485 armis
357 1449 418 1484 cum
429 1433 522 1498 ferox,
533 1449 616 1486 saeva
625 1426 722 1484 manu'

151 1505 237 1556 Cema
245 1502 388 1555 reflectens
399 1504 504 1569 regium
514 1508 589 1554 tortu
599 1506 691 1569 caput,

150 1572 212 1625 alto
223 1571 485 1625 nefandumnnlneri
495 1571 597 1624 ferrum
608 1571 727 1634 abdidit3

152 1640 233 1703 Quod
242 1643 350 1708 penitus
360 1645 452 1693 actum
462 1657 525 1692 cnm
534 1642 684 1708 recepisset
692 1638 790 1704 libens,

107 1707 144 1762 5⁰
153 1711 234 1762 Ensis
243 1711 320 1762 senili
330 1712 419 1763 siccus
430 1726 445 1763 e
455 1709 549 1778 iugulo
560 1710 640 1762 redit.

152 1779 267 1832 Placere
279 1793 358 1847 quem
368 1794 422 1831 non
434 1781 524 1847 potuit
534 1795 551 1831 a
561 1779 645 1831 caede
657 1776 743 1831 effera

152 1846 278 1898 Mortalis
290 1849 350 1900 aevi
360 1849 499 1901 cardinem
509 1855 660 1901 extremum
670 1861 807 1914 premens,

153 1913 305 1984 Supenique
315 1922 401 1970 testes
412 1919 536 1982 sceleris,
548 1923 577 1970 et
587 1917 724 1986 quondam
734 1908 845 1969 sacrun]

152 1983 241 2052 Regni
251 1985 382 2038 iacentis!
401 1987 449 2039 lile
462 1993 505 2039 iot
515 2002 608 2054 regum
618 2002 719 2053 parens

109 2049 145 2105 55
156 2054 240 2105 Caret
250 2054 375 2122 sepulcro
386 2055 524 2119 Priamus,
536 2063 564 2108 et
574 2055 682 2106 ilnmnna
693 2052 799 2121 indiget

153 2122 274 2175 Ardente
289 2125 384 2176 Troia.
418 2123 480 2176 Nun
489 2131 582 2176 tannen
593 2123 705 2190 Superis
716 2128 761 2177 sat
772 2127 828 2173 est:

154 2190 316 2255 Dominum,
327 2191 405 2245 eece!
416 2192 519 2245 Priami
528 2193 639 2245 nulibus
650 2197 679 2260 et
689 2191 780 2258 gnatis
790 2191 886 2259 legens

54 2270 60 2279 ·
157 2257 278 2312 Sortitur
287 2274 363 2312 urna.
398 2260 507 2313 Praeda
517 2275 597 2329 quem
606 2261 666 2311 nilis
677 2257 795 2326 sequani

52 2388 55 2419 Ι
155 2328 211 2381 Hic
221 2328 351 2381 Hectoris
362 2331 489 2398 coniugia
498 2329 651 2396 despondet
661 2328 729 2393 sibi3

59 2454 64 2461 ,
114 2396 150 2451 60
159 2396 215 2449 Hie
226 2402 304 2464 optat
313 2398 412 2453 Heleni
422 2400 578 2466 coniugem3
590 2397 635 2451 hic
645 2397 805 2463 Antenoris3

156 2464 216 2518 Nee
228 2464 314 2531 deest,
325 2471 401 2530 tuos,
414 2467 579 2530 Cassandra,
591 2470 636 2536 qui
646 2464 782 2518 thalamus
793 2468 884 2534 petat:

52 2428 293 2784 *sen
303 2536 426 2599 timetur3
437 2537 497 2587 sela
506 2552 565 2587 sum
576 2536 679 2588 Danais
688 2541 788 2587 metus.

230 2608 296 2654 enta
304 2602 428 2655 cessanti
450 2605 558 2667 Turba,
570 2607 708 2672 captivae,
718 2619 791 2667 nien,

224 2669 359 2739 conuiuis
369 2677 498 2741 pectora,
509 2679 538 2726 et
548 2673 673 2742 planctus
684 2673 759 2737 date,
