1860 2970
99 146 152 200 330
309 138 345 194 L.
380 136 537 193 urimur
557 136 754 196 SENECAE

179 249 245 311 vel,
256 248 280 299 si
290 246 379 314 piget,
390 257 540 311 manusque
552 241 692 294 detrectat
700 243 792 298 nefasr

178 321 282 372 Emitte
294 314 385 366 Siculo
396 314 499 365 vertice
511 312 651 376 ardentes,
663 321 753 380 pater,

99 389 168 444 1310
180 390 295 441 'Pitanos
306 385 334 435 iu
344 398 403 445 me,
415 383 461 450 qui
470 397 553 433 mauu
564 381 681 433 Pindum
692 383 794 446 lerant,

179 459 234 510 Aut
244 462 286 517 te,
298 454 382 516 Ossa,
394 453 441 521 qui
451 466 494 504 mc
506 456 599 503 monte
610 447 891 520 proiectoopprlmaatl

179 526 331 590 Abrumpat
340 523 424 573 Erebi
435 522 567 583 claristra,
578 535 623 572 mc
634 523 732 573 stricto
747 527 823 590 petat

182 594 298 648 Bellona
308 591 391 642 ferro.
417 592 498 643 Mitte
510 590 660 642 Gradiuum
671 590 792 644 trucem!

182 665 310 716 Armatur
320 662 348 712 in
357 674 401 711 me
412 659 498 711 dirus:
510 665 553 712 est
563 659 650 711 irater
660 661 781 728 quidem.

103 732 173 788 1315
185 731 240 785 Sed
252 745 287 782 ex
297 744 424 781 noverca.
459 730 504 779 Tu
516 744 624 797 quoque
634 728 748 782 Alcidae
755 744 833 782 soror

185 803 306 853 'l'antum
316 813 350 851 cx
360 804 488 864 parente,
499 799 639 865 cuspidem
650 801 678 850 in
689 799 804 852 tratrem
812 805 879 851 tuum

185 869 323 931 detulere,
335 866 437 920 Pallas!
459 866 601 935 Supplices
612 868 696 920 tendo
707 873 806 921 manus

183 939 225 992 Ad
235 944 277 1001 te,
288 951 421 988 noverca:
433 952 533 1005 spargo
544 942 575 988 tu
585 937 697 999 saltem,
709 953 819 1006 precor,

186 1005 298 1060 Teluml
318 1008 408 1074 perire
419 1005 536 1059 feminae
545 1021 657 1074 possum
666 1023 760 1062 mauu.

108 1075 177 1132 1310
188 1077 247 1129 lam
257 1075 359 1137 fracte,
369 1076 425 1126 iem
434 1077 548 1139 rodata,
561 1076 623 1144 quid
635 1077 727 1144 pascis
736 1072 840 1129 mluesl

188 1145 261 1209 Quid
291 1145 379 1195 uaeris
390 1144 479 1197 ultrei
499 1143 653 1213 Supplicem
664 1146 778 1200 Alciden
788 1145 867 1199 vides·

188 1214 225 1266 Et
235 1161 310 1265 nulia
319 1213 412 1276 tellus,
424 1215 497 1266 nulla
507 1230 550 1267 me
562 1215 629 1265 vidit
639 1213 699 1266 feru

191 1285 233 1336 'l'e
244 1282 451 1349 deprecantem
463 1300 535 1336 nunc
544 1282 610 1334 mihi
621 1285 693 1334 irata
703 1284 813 1351 quidem

189 1353 266 1419 Opus
277 1355 319 1402 est
330 1365 458 1403 noverca.
494 1352 573 1403 Nunc
582 1359 644 1404 tuus
656 1359 747 1404 cessat
758 1350 850 1404 dolori

112 1419 180 1476 1315
190 1420 269 1473 Nunc
280 1419 344 1471 odie
355 1419 451 1487 ponicl
472 1423 576 1487 parcis,
587 1420 633 1472 ubi
644 1428 738 1472 votum
750 1429 793 1474 est
802 1417 881 1472 morli

191 1491 216 1542 0
227 1495 303 1542 terra
313 1494 341 1541 et
352 1491 446 1554 urbes,
458 1506 513 1541 non
525 1490 613 1542 focem
644 1493 768 1558 uisquam
779 1488 890 1550 Herculi,

188 1558 251 1612 Non
262 1558 456 1611 arnnatradetl
476 1561 532 1612 tela
542 1560 636 1611 subtro
656 1557 794 1611 itismilril

188 1630 232 1681 lta
241 1628 315 1680 nulla
325 1644 422 1681 saeros
433 1635 509 1681 terra
519 1630 655 1696 concipiat
665 1627 741 1680 ieras

187 1697 257 1750 Post
268 1712 312 1750 me
322 1699 472 1764 sepultum,
483 1715 533 1750 nec
544 1715 619 1750 meas
631 1713 750 1766 unquam
761 1712 856 1749 manus

108 1763 177 1820 1330
187 1766 319 1834 imploret
329 1768 416 1834 orbis3
427 1769 450 1820 si
463 1783 517 1836 qua
526 1775 672 1819 nascentur
683 1767 765 1831 mula,

187 1835 324 1888 Nascatur
335 1837 416 1888 alius:
427 1838 553 1905 undeque
562 1836 657 1889 infelix
668 1843 754 1903 caput

188 1905 313 1957 Mactute
325 1906 413 1971 saxis3
424 1908 523 1958 vincite
535 1920 679 1958 aerunrnas
689 1905 779 1958 meas!

187 1974 296 2041 ingrate
309 1989 400 2026 cessus
412 1975 502 2027 orbisl
523 1976 672 2027 excidimus
684 1973 752 2026 tibil

188 2041 282 2093 Adhuc
293 2042 369 2094 malis
380 2043 499 2113 ferisque
511 2046 666 2112 suppositus
678 2043 765 2107 iores,

108 2108 177 2165 1335
189 2111 247 2163 Nisi
257 2126 300 2162 mo
311 2112 428 2164 tulisses.
464 2114 607 2166 Vindicem
617 2117 740 2164 vestrum
751 2113 832 2167 malis

187 2180 306 2248 Eripite,
318 2180 422 2248 populil
444 2183 565 2250 Tempus
577 2180 630 2232 hoc
641 2182 719 2234 vobis
730 2183 815 2235 datur

188 2250 308 2303 Pensare
319 2251 429 2303 merita!
451 2268 524 2303 mors
535 2253 587 2304 erit
599 2253 715 2320 pretium
727 2255 858 2306 omnium.

188 2332 229 2370 ru
238 2333 289 2370 cu.
301 2319 376 2382 Quas
387 2323 487 2373 misera
497 2327 679 2373 terracmatcr
689 2319 911 2391 Alcidaepetani

188 2388 240 2440 libi
252 2393 346 2453 notus,
358 2391 468 2442 ubinam
480 2390 538 2442 estl
560 2392 642 2442 Certa
652 2392 675 2442 si
685 2392 761 2442 usus
772 2398 862 2458 notat,

110 2456 178 2509 1340
189 2456 306 2509 lleclinis
317 2460 395 2511 ecce!
416 2460 499 2512 corde
510 2459 647 2511 anhelanti
658 2465 783 2521 aestuata

189 2525 296 2583 Gemit:
311 2535 456 2598 peractum
468 2534 520 2582 est.
553 2530 679 2582 Membra
694 2531 844 2599 complecti
859 2530 913 2583 ulti·

635 2611 725 2653 mum,

184 2674 212 2730 0
225 2679 319 2748 gnate
326 2711 334 2740 ,
341 2672 454 2773 liceat}
467 2661 704 2735 spirltuslutgiens
710 2669 778 2703 meu
