1860 2970
274 111 483 166 TROADES.
517 116 607 167 ACT.
627 118 660 168 ll.
816 123 866 170 ’135

64 223 169 273 Cantus
179 215 289 270 Achillis
298 219 402 281 timuit,
415 223 443 270 et
452 223 529 269 tanto
540 218 567 269 in
577 226 653 271 metu

62 288 213 341 Nar-alibus
224 302 278 354 pax
289 288 346 337 alta
357 285 591 339 Thessalicishric

61 373 165 410 sonu.
185 357 289 422 Nempe
299 356 385 408 isdem
396 357 492 407 inistis
504 350 645 410 Thessalis
656 357 796 412 navalibus

63 428 124 480 Pax
135 427 296 476 alterorsus
308 426 436 476 Hectoris
448 427 520 491 patri
530 425 591 478 fuit.
817 428 868 478 330

64 511 82 547 r
90 509 191 546 rann.
210 497 261 546 Est
269 496 343 560 regis
354 495 414 557 alti,
424 496 549 560 spiritum
561 495 620 562 regi
630 493 704 548 dare.

64 581 84 617 n
92 578 168 614 osu.
189 565 243 613 Cur
254 563 352 614 dextra
362 564 419 629 regi
432 564 557 629 spiritum
569 566 669 630 eripuit
677 564 743 616 tuat

66 646 194 684 ernau.
212 633 332 682 Mortem
343 632 499 687 misericors
511 648 593 698 saepe
605 647 655 698 pro
667 635 724 683 rita
733 632 816 684 dabit.

66 716 168 753 nonu.
187 702 224 752 Et
232 714 304 750 nunc
315 701 469 752 misericors
480 703 597 767 virgines
607 702 688 752 busto
699 702 782 768 petis!

67 783 194 821 ernnrr.
213 769 305 820 Iamne
316 769 578 835 immolari-virgines
590 771 678 821 credis
688 769 785 821 nefas?
819 771 870 822 335

67 852 169 890 sonu.
188 835 334 889 Praeferre
344 839 461 903 patriam
472 838 563 889 hberis
574 853 668 905 regem
678 836 766 890 decet.

67 920 192 959 runnu.
203 905 264 957 Lex
275 906 347 973 nullp
359 912 440 973 capto
451 908 547 973 parcit,
555 914 602 957 aut
613 923 729 973 poenam
740 908 861 974 impedit.

66 991 163 1027 sunu.
183 974 263 1037 Quod
273 989 328 1024 non
337 981 414 1025 vetat
422 976 480 1036 lex,
491 973 545 1027 hoc
555 981 631 1027 vetat
640 977 701 1027 fieri
710 977 808 1043 pudor.

67 1057 195 1096 rrunrr.
218 1041 404 1110 Quodcunque
414 1042 494 1094 hbuit
505 1043 597 1095 facere
607 1046 717 1108 victori,
728 1045 801 1098 licet.

66 1127 168 1166 ausu.
187 1112 330 1162 Minimum
341 1112 422 1163 decet
432 1113 529 1174 libere,
543 1115 586 1164 cui
596 1114 709 1165 multum
719 1115 791 1166 licet.
821 1113 872 1163 340

65 1195 192 1234 runnu.
203 1182 253 1231 llis
263 1181 317 1231 ista
326 1182 422 1243 iactas,
430 1197 497 1248 quos
508 1182 603 1233 decem
615 1198 746 1234 annorum
757 1184 834 1251 grati

65 1251 163 1318 Regno
175 1251 303 1302 subactos
314 1249 436 1319 Pyrrhus
448 1250 564 1302 exsolvit
573 1249 656 1320 iugoi

65 1334 169 1371 nonu.
192 1320 254 1373 Hos
266 1317 369 1386 Scyrus
380 1322 484 1374 animos
559 1334 683 1372 runnu.
701 1318 811 1373 Scelere

514 1405 584 1458 quae
594 1389 716 1451 fratrum¹
721 1397 805 1439 caret.

66 1473 86 1510 Α
93 1471 110 1507 c
117 1470 168 1519 sps.
175 1455 284 1508 Inclusa
294 1455 396 1510 fluctui
406 1473 495 1509 rrnn
502 1473 531 1508 u.
538 1459 642 1527 Nempe
655 1459 765 1526 cognati
771 1458 861 1508 maris.

67 1527 144 1578 Atrei
154 1532 183 1578 et
193 1522 334 1592 Thyestae
345 1528 462 1580 nobilem
474 1530 536 1578 novi
548 1528 667 1581 domum.
821 1524 871 1587 315

65 1609 169 1648 sonu.
190 1595 235 1645 Ex
244 1597 355 1663 virginis
367 1602 500 1661 concepte
512 1595 612 1647 furtivo
624 1601 732 1664 stupro,

64 1665 104 1716 Et
116 1678 150 1715 ex
160 1661 263 1714 Achille
272 1671 351 1727 nate,
363 1666 412 1715 sed
421 1664 541 1714 nondum
551 1667 618 1715 m'ro.
626 1699 645 1715 ..

65 1745 192 1805 runnu.
212 1732 262 1784 Illo
274 1749 308 1784 ex
318 1731 434 1794 Achille,
445 1747 545 1799 genere
558 1734 603 1800 qui
613 1731 742 1783 mundum
750 1747 809 1791 suo,

66 1801 185 1867 Sparsus
196 1816 246 1867 per
257 1814 336 1852 omne
348 1802 477 1852 coelitum
487 1816 600 1867 regnum
607 1838 615 1864 ‚
626 1806 712 1864 tenet,

66 1869 188 1922 Thetide
201 1884 319 1937 aequor,
329 1870 441 1921 umbras
450 1871 555 1933 Aeaco,
567 1870 674 1922 coelum
685 1871 785 1922 lore...
822 1867 872 1918 350

64 1952 169 1992 ausu.
187 1938 238 1989 lllo
250 1954 284 1991 ex
295 1938 412 2001 Achille,
425 1940 470 2006 qui
480 1955 563 1991 manu
574 1939 682 1992 Paridis
692 1942 801 1991 iacet...

66 2020 193 2059 eruum.
206 2008 295 2069 Quem
305 2024 356 2060 nee
368 2007 482 2059 deorum
494 2011 615 2054 eominus
626 2010 685 2070 quis
705 2021 767 2055 uam
779 2008 856 2071 petit.

66 2092 86 2128 Α
95 2092 112 2126 o
120 2090 173 2129 su.
186 2077 368 2142 Compescere
378 2071 504 2138 equidem
513 2071 607 2135 verba,
614 2078 642 2124 et
652 2022 862 2127 auhacemmalo

64 2145 198 2197 Poteram
209 2145 334 2205 domuum
346 2139 395 2192 sed
405 2155 481 2191 meus
493 2142 580 2206 captis
591 2146 712 2210 quoque·

66 2212 126 2266 scit
155 2226 249 2265 arcere
261 2211 340 2262 ensis.
357 2209 453 2261 Potius
463 2210 596 2276 interpres
607 2210 687 2264 deum
823 2213 872 2262 355

66 2230 184 2335 Calchas
193 2286 315 2333 vocetur.
332 2279 404 2330 Fata
413 2280 437 2330 si
447 2285 575 2344 poscunt:
588 2279 667 2332 dabo.

65 2353 125 2414 Tu,
136 2352 183 2419 qui
192 2350 323 2417 Pelasgae
334 2349 423 2400 vinclo
433 2348 536 2399 soluisti
547 2348 624 2409 ratis,
702 2387 707 2393 .

65 2420 218 2489 Morasque'
227 2419 319 2481 hellis,
331 2424 391 2479 arte
402 2419 448 2486 qui
458 2432 565 2491 reseras
576 2416 678 2482 polum,

67 2492 118 2542 (lui
131 2491 267 2541 viscerum
277 2492 397 2549 secreta,
409 2488 453 2538 cui
463 2486 555 2537 mundi
565 2484 668 2553 fragor,

67 2560 106 2611 Et
117 2559 196 2610 stella
205 2558 288 2625 longa
298 2558 422 2610 semitam
431 2554 540 2606 flammo
549 2553 660 2607 trahens
823 2553 872 2604 36⁰

66 2627 146 2681 Dant
156 2629 235 2697 signa
244 2626 309 2693 fati,
320 2628 396 2678 cuius
407 2627 507 2694 ingenti
520 2623 585 2676 mihi
605 2691 630 2744 N
650 2695 665 2728 q
