1860 2970
329 40 386 79 ,ζ’δῗ

180 151 183 157 ’
279 120 560 219 nundinor.
577 155 625 209 ιιι.
809 158 858 209 235

52 265 166 317 incerta
177 258 263 327 qualis
274 257 388 310 entheos
400 273 495 310 cursus
505 259 577 321 tulit,

55 335 124 394 (Qum
135 331 191 381 iam
202 334 313 396 recepto
322 328 436 378 Maenas
447 329 548 378 insanit
558 328 620 391 deo,

52 400 136 454 Pindi
145 397 241 449 nivalis
251 398 368 458 vertice,
380 402 428 447 aut
438 395 531 461 Nysae
541 397 625 463 iugis:
811 397 861 448 385

55 469 134 522 Talis
144 471 269 517 recursat
279 464 333 515 huc
344 463 436 517 ethus
447 468 524 515 motu
535 465 630 527 effere,

56 538 171 592 Furoris
182 550 229 586 ore
241 537 319 601 signa
327 533 462 601 lynrphati
472 549 578 601 gerens.

55 608 212 661 Flammata
222 603 308 656 facies
319 604 442 670 spiritum
453 617 488 654 ex
501 603 557 655 alto
569 604 651 665 citat3

57 675 232 737 Proclamat3
244 673 337 726 oculos
348 671 425 723 uberi
436 672 502 723 fletu
513 674 597 738 rigat3

58 743 185 800 Renidet.
222 743 315 793 Omnis
326 744 464 809 specimen
475 741 600 793 adfectus
612 741 698 808 capit:
788 772 792 779 -
813 742 863 792 390

59 816 181 875 Haeret,
191 812 322 873 minatur,
335 815 455 872 aestuat,
473 811 607 877 queritur,
619 811 712 876 gemit.

62 885 124 946 Quo
135 881 241 948 pondus
253 882 335 931 animi
344 878 455 947 rengeti
474 879 520 929 ubi
531 883 615 944 ponet
624 877 729 931 minaei

63 954 114 1004 Ubi
125 968 154 1002 se
166 951 218 1000 iste
229 948 327 1000 fluctus
338 946 463 1015 frangeti
485 947 614 997 Exundat
624 946 710 999 furor.

61 1021 125 1074 Non
136 1018 216 1070 facile
228 1034 320 1070 secum
331 1023 424 1068 versat
434 1022 482 1067 aut
491 1015 610 1068 medium
620 1017 717 1070 scelus·

64 1089 100 1141 Se
112 1091 215 1140 vincet:
225 1089 283 1139 irae
295 1088 417 1138 norimus
429 1092 536 1137 veteres
546 1092 635 1138 notas.
816 1086 866 1139 395

63 1160 195 1224 illagnum
206 1157 306 1222 aliquid
317 1158 410 1219 instat,
422 1154 545 1218 efferum,
556 1157 682 1219 immane,
688 1156 813 1225 impium:

63 1228 177 1279 Vultum
187 1223 287 1275 furoris
300 1239 391 1276 cerno.
426 1223 462 1274 Di
475 1224 570 1275 fallant
580 1225 695 1276 metum!

64 1309 140 1347 ιιιῑιι.
152 1293 180 1344 Si
192 1295 306 1360 quaeris,
314 1294 587 1362 odio,misera‚quem
598 1299 704 1345 statuas
714 1295 839 1346 modum:
869 1355 872 1361 Ι

62 1366 175 1417 Imitare
188 1377 316 1413 amorem.
352 1363 452 1430 Regias
464 1369 540 1430 egon’
552 1368 583 1414 ut
593 1361 670 1416 faces

49 1431 155 1486 'Inulta
164 1430 271 1499 patiani
292 1433 381 1497 segnis
392 1431 436 1482 hic
445 1433 496 1481 ibit
507 1432 574 1494 dies,
818 1434 869 1481 40st

66 1503 158 1553 Tanto
170 1502 270 1566 petitus
281 1501 396 1560 ambitu,
407 1505 484 1550 tanto
497 1497 594 1550 datusi

65 1572 138 1623 Dum
149 1576 224 1621 terra
234 1564 339 1620 coelum
350 1568 440 1620 media
450 1568 578 1618 libratum
589 1566 670 1632 ieret,

64 1640 228 1705 Nitidusque
239 1644 328 1689 certas
339 1637 454 1687 mundus
466 1636 572 1687 evolvet
583 1638 667 1698 sices,

64 1709 255 1775 Numerusque
267 1709 356 1757 arenis
367 1706 467 1767 deerit,
479 1711 507 1756 et
517 1704 603 1755 solem
614 1705 681 1769 dies,

64 1778 183 1831 Noctem
194 1782 342 1842 sequentur
353 1779 441 1838 astra3
453 1773 518 1824 dum
528 1774 615 1824 siccas
627 1776 707 1842 polus
820 1778 869 1826 don

64 1845 198 1899 Vcrsabit
208 1847 305 1896 Arctos
312 1883 320 1909 ,
331 1843 478 1895 iluminain
487 1848 601 1909 pontum
612 1844 723 1896 cudent:

65 1915 212 1982 Nunquam
222 1930 299 1966 meus
310 1914 428 1966 cessabit
438 1914 466 1963 in
476 1927 579 1979 poenus
591 1912 677 1978 furor,

67 1987 234 2050 Crescetque
246 1999 360 2051 semper.
398 1984 474 2045 Quae
487 1981 605 2034 ferarum
617 1983 780 2045 immanitas,

68 2055 147 2115 Quae
160 2051 265 2119 Scylla,
276 2068 344 2122 quae
357 2051 523 2119 Charybdis,
534 2052 681 2103 Ausonium
691 2068 766 2104 mare

67 2121 242 2190 Siculumque
253 2123 379 2185 sorbens,
392 2119 804 2191 quaeveanhelantempromens
820 2124 870 2171 llll

66 2192 170 2241 Titana
179 2192 262 2243 tantis
272 2193 360 2242 Aetna
368 2190 485 2243 fervebit
494 2189 591 2242 minist

63 2256 132 2314 Non
143 2261 254 2328 rapidus
265 2262 364 2324 amnis,
375 2276 429 2311 non
440 2259 621 2327 procellosum
632 2274 717 2322 mare,

64 2329 174 2384 Pontus
194 2345 228 2381 ue
240 2330 311 2381 Coro
322 2344 433 2392 saevus,
445 2334 494 2379 aut
502 2329 543 2378 vis
552 2329 655 2395 ignium

64 2398 168 2451 Adiuta
177 2347 259 2461 datu,
270 2400 357 2465 possit
367 2397 488 2450 inhibere
500 2399 631 2464 impetum

63 2468 181 2533 Iraeque
192 2471 313 2518 nostras:
325 2473 444 2518 stemam
455 2471 484 2516 et
494 2471 614 2516 evertam
626 2465 728 2517 omnia!
823 2469 837 2513 -3
845 2468 870 2514 li

65 2536 174 2588 Timuit
187 2538 331 2587 Creontem
341 2549 374 2585 ac
384 2535 457 2584 bella
466 2532 617 2584 Thessalici
628 2533 720 2589 ducis?

64 2607 153 2658 Amor
163 2606 259 2656 timere
270 2605 404 2655 neminem
413 2619 494 2654 serus
504 2607 604 2667 potest.

65 2673 126 2728 Sed
138 2675 252 2727 cesserit
263 2678 389 2738 coactus,
400 2677 429 2726 et
440 2671 546 2726 dederit
556 2686 663 2722 manus:
