1860 2970
69 134 87 186 8
265 126 301 183 la.
316 124 475 181 annunt
491 122 685 181 SENECAE

128 235 276 301 Errorque,
288 236 316 285 et
324 233 353 283 in
361 246 391 282 se
402 244 510 296 semper
521 234 642 283 armatus
651 230 744 287 Furor

128 306 205 366 Hoc,
215 302 268 354 hoc
285 301 409 351 ministro
421 304 515 351 noster
524 303 619 351 utatur
629 298 718 355 dolor.

67 374 120 427 100
128 372 252 439 lneipite,
263 370 382 421 famulae
392 370 477 420 Ditis:
488 368 629 419 ardentem
638 368 712 423 eltae

130 442 273 493 concutite
283 440 385 505 pinum,
398 443 426 488 et
436 452 534 503 agmen
544 435 712 491 horrendum
721 438 857 511 anguillae

127 512 260 577 Megaera
271 510 363 569 ducat,
374 513 456 573 atque
466 506 588 557 luctifica
597 521 680 559 manu

128 579 243 629 Vestam
253 591 321 645 rogo
333 576 466 643 flagrante
479 575 609 641 corripiat
620 576 741 629 trabem!

128 649 191 698 lloc
202 648 291 713 agite:
303 660 406 712 poenas
415 645 501 711 petite
511 645 629 696 violatae
640 644 748 714 Stygis!

70 716 119 768 105
129 718 272 767 concutite
282 713 390 781 pectus!
402 714 492 764 acrior
502 718 620 764 mentem
631 720 781 783 excoquet,

129 786 217 846 (luant
228 785 273 851 qni
285 783 396 834 caminis
405 783 476 848 ignis
486 781 614 833 Aetnaeis
623 781 703 834 furitl

129 855 165 903 Ut
175 854 262 919 possit
272 853 390 903 animum
401 854 497 916 eaptus
508 848 613 900 Alcides
625 851 680 917 agi,

128 922 231 988 ltlogno
241 920 334 971 lurore
345 919 478 985 percitus:
489 918 568 969 nobis
578 919 653 984 prius

129 988 321 1041 insaniendum
332 995 383 1041 est.
420 988 498 1049 luno,
509 1002 558 1037 eur
568 987 688 1038 noandum
698 987 784 1043 suriel

71 1058 122 1111 110
132 1058 179 1109 Μο
185 1095 193 1121 ,
203 1072 261 1121 me,
272 1071 396 1119 sorores,
408 1060 500 1109 mento
510 1055 645 1107 deiectam
654 1061 718 1109 0001

130 1126 248 1179 Versata
258 1127 381 1194 primam,
393 1125 486 1177 faeere
495 1126 519 1177 sl
528 1124 674 1191 quidquam
686 1126 791 1193 adparo

129 1196 250 1262 Dignum
259 1198 387 1251 noverca.
422 1196 480 1245 lum
492 1194 556 1244 odia
566 1199 706 1245 mutentur
715 1211 779 1247 mea

131 1264 238 1315 Gnatos
247 1276 373 1315 reuersus
383 1262 476 1313 videat
486 1262 649 1326 incolumes,
661 1278 773 1330 precor,

129 1332 267 1398 Manuque
278 1330 357 1382 fortis
366 1331 471 1381 redeat.
505 1331 599 1381 Inveni
611 1331 696 1396 diem,

71 1400 121 1453 115
133 1402 222 1453 invisa
233 1416 286 1467 quo
297 1415 347 1450 nos
357 1399 484 1450 Herculis
494 1400 580 1451 virtus
590 1399 679 1451 inretr

129 1470 176 1523 Me
187 1471 292 1535 pariter
301 1475 329 1520 et
340 1482 369 1518 se
379 1468 485 1528 sinent,
497 1473 525 1519 ot
536 1468 629 1534 cupiat
638 1470 711 1521 mori

129 1538 422 1591 Alrlnierisrerersus.
457 1537 512 1586 llic
522 1537 610 1601 prosit
620 1536 701 1600 mihi,

131 1608 197 1659 lore
208 1622 268 1659 esse
278 1606 408 1675 genitum.
444 1602 544 1665 Stabo,
555 1610 596 1667 et,
607 1610 639 1656 ut
651 1612 728 1659 certo
739 1612 839 1661 exeant

131 1678 239 1729 Emissa
248 1690 333 1729 nervo
344 1675 413 1738 tela,
422 1673 662 1737 librabo'manum,

71 1746 123 1797 120
131 1746 235 1813 Regum
245 1744 360 1797 furentis
372 1760 461 1807 arma,
471 1746 601 1811 pugnanti
613 1743 727 1796 llereuli

133 1811 258 1865 Tandem
268 1812 377 1864 favebo.
412 1810 521 1864 Scelere
532 1811 657 1877 perlecto
668 1814 736 1865 licet

131 1882 265 1935 Admittat
273 1880 333 1932 illas
343 1878 451 1945 genitor
461 1881 488 1928 in
500 1880 604 1929 eroelum
616 1896 721 1933 manus.

201 1948 339 2001 Movenda
348 1948 403 1996 iam
414 1952 477 1996 suut
486 1946 569 1998 bella:
583 1949 708 2002 clarescit
718 1949 791 2015 dier,

133 2018 256 2085 0rtuque
266 2018 349 2069 Titan
359 2014 464 2067 lucidus
476 2030 575 2070 crocco
586 2017 668 2069 subit

212 2166 382 2215 enonas
404 2168 729 2235 unanimorum.

131 2248 240 2293 Chorene
256 2246 370 2293 ructante
385 2262 402 2292 a
418 2249 645 2304 00000101100000100
664 2252 718 2305 diri,
738 2260 872 2307 magnumst

73 2318 140 2349 carne
152 2302 270 2363 stantiaque
284 2308 392 2355 rinmunt,
404 2304 533 2373 ,1100001000
539 2307 651 2372 00000100
664 2304 814 2354 inlaboratus
823 2312 872 2354 001·

71 2361 249 2473 ammittant,
271 2360 335 2405 ottae
357 2364 450 2418 demque
467 2362 559 2406 humeln
577 2365 662 2408 laudat
679 2367 873 2425 tranquillitatem

71 2504 122 2557 125
191 2502 334 2554 lamnam
344 2503 447 2553 micant
456 2502 545 2555 sidera
555 2515 642 2569 prono

129 2572 274 2639 Languida
283 2572 398 2635 mundo;
408 2585 465 2622 nox
473 2574 546 2622 victa
556 2586 641 2641 rugos

131 2640 275 2693 Contrahit
286 2642 362 2711 ignes
371 2641 432 2693 luce
443 2645 552 2705 renata3
