1860 2970
108 167 114 172 .
203 87 494 185 umrourrus.
528 122 618 188 s'cr.
635 135 671 188 u.

26 235 69 286 Te
80 230 158 284 frons
168 229 242 284 hirta
252 232 344 295 decet,
354 239 382 285 te
392 233 502 287 brevior
513 238 593 290 coma

26 303 108 354 Nulla
117 303 179 369 iege
188 303 290 354 iacens.
327 304 371 352 Tu
382 303 446 354 licet
457 320 570 371 asperos

26 372 226 440 Pugnacesque
237 372 304 424 deos
314 372 415 423 viribus
426 386 522 424 arceas

25 441 65 493 Et
74 443 146 492 vasti
156 442 246 506 spatio
257 441 365 492 vincere
376 443 513 508 corporis:

25 512 134 577 Aequas
144 510 297 561 Herculeos
307 525 370 560 nam
379 511 483 563 iuvenis
493 508 579 575 toros,

25 580 125 632 Martis
135 579 257 646 belligeri
270 584 382 647 pectore
393 579 484 631 latior.

27 647 57 700 Si
68 648 151 699 domo
159 648 244 701 libeat
255 647 407 714 cornipedis
418 646 493 700 vehit

25 716 122 769 Erenis
134 718 267 769 Castorea
277 717 406 767 mobilior
412 731 495 767 manu

27 784 193 852 Spartanum
203 787 307 852 poteris
319 784 429 838 flectere
441 786 577 851 Cyllaron.

25 855 170 906 Amentum
181 855 272 921 digitis
282 853 364 906 tende
375 855 520 921 prioribus,
607 914 609 918 Α

23 923 63 974 Et
72 925 140 974 totis
151 924 269 974 iaculum
279 923 366 990 dirige
376 924 493 974 viribus:

26 992 97 1042 Tam
106 991 316 1058 longe‚dociles
326 992 432 1056 spicula
441 993 536 1059 figere,
593 1002 600 1015 ·
696 1038 698 1043 ,

25 1059 87 1112 Non
99 1062 209 1111 mittent
219 1059 349 1127 graoiJem
361 1060 455 1110 Cretes
466 1060 632 1114 arundinem.

24 1132 79 1180 Aut
89 1131 112 1180 si
121 1130 178 1180 tela
187 1129 269 1180 modo
280 1143 410 1195 spargere
421 1128 552 1182 Parthico

25 1199 55 1250 ln
66 1199 176 1249 coelum
185 1198 307 1264 placeat:
316 1197 391 1248 nulla
401 1199 460 1250 sine
471 1199 535 1250 alite

25 1267 214 1329 Descendent‚
224 1267 318 1332 tepido
328 1267 433 1320 viscere
445 1268 569 1333 eondita3

25 1335 161 1387 Praedam
172 1335 205 1386 de
216 1335 311 1386 mediis
323 1335 436 1387 nubibus
448 1335 581 1389 auferent.

24 1405 103 1457 Raris
113 1405 204 1455 forma
213 1405 277 1454 viris
289 1404 393 1466 (secula
403 1405 556 1472 prospieei)

25 1474 162 1541 impunita
171 1472 233 1524 fuit.
269 1473 311 1523 Te
321 1471 417 1523 melior
428 1474 495 1525 deus

25 1542 128 1595 Tutum
138 1545 310 1609 praetereat,
320 1539 462 1608 formaque
472 1541 573 1599 nobilis

24 1611 164 1664 Deformis
174 1611 242 1662 senii
252 1614 386 1661 monstret
394 1610 551 1676 imaginem.

25 1682 96 1743 Quid
107 1683 180 1732 sinat
189 1680 313 1730 inausum
323 1678 440 1730 ferinae
451 1693 584 1745 praeceps
593 1677 688 1731 furor!

24 1749 152 1803 Nefanda
161 1748 487 1800 iuveni'criminainsonti
496 1752 584 1813 parnt.
774 1751 824 1799 825

22 1820 62 1870 En
72 1817 193 1871 scelera!
214 1818 320 1884 quaerit
330 1818 404 1870 crine
415 1817 537 1868 lacerato
548 1817 639 1879 fidem,

22 1887 112 1941 Decus
124 1878 208 1956 omn‘e
215 1887 310 1937 turbat
320 1887 417 1952 eapitis
423 1921 431 1950 ‚
442 1884 693 1956 humectat-genam

25 1956 171 2010 instruitur
182 1957 269 2007 omnis
278 1954 375 2006 froude
386 1954 504 2008 feminea
514 1955 601 2008 dolus.

24 2023 74 2078 Sed
83 2029 138 2079 iste
148 2026 272 2094 quisnam
285 2030 339 2086 est,
349 2026 455 2092 regium
465 2025 542 2077 vultu
554 2025 637 2078 decus

25 2095 140 2158 (ierem,
152 2099 181 2146 et
192 2094 248 2145 alto
259 2095 360 2145 vertice
372 2094 499 2146 attollens
507 2093 608 2164 canuti
773 2095 823 2144 830

24 2164 55 2215 Ut
65 2181 116 2216 ora
125 2164 218 2215 iuveni
230 2163 308 2229 paria
318 2162 443 2214 Pirithoo
453 2165 534 2232 gerit,

23 2232 53 2283 Ni
64 2232 196 2302 languido
208 2232 312 2299 pallore
323 2231 472 2285 canderent
481 2249 577 2302 genae,

25 2300 167 2370 staretque
177 2306 257 2353 recta
268 2303 377 2370 squalor
386 2303 503 2354 incultus
513 2316 601 2354 coma.

25 2371 73 2438 iio,
82 2375 144 2443 ipse
156 2369 282 2429 Theseus
292 2371 415 2426 redditus
423 2374 504 2424 terris
515 2370 606 2425 adest!

339 2520 400 2531 ,ι

281 2543 534 2570 Ν*
