<?xml version="1.0" encoding="UTF-8"?>
<!DOCTYPE html PUBLIC "-//W3C//DTD XHTML 1.0 Transitional//EN"
    "http://www.w3.org/TR/xhtml1/DTD/xhtml1-transitional.dtd">
<html xmlns="http://www.w3.org/1999/xhtml" xml:lang="en" lang="en">
 <head>
  <title>
</title>
<meta http-equiv="Content-Type" content="text/html;charset=utf-8" />
  <meta name='ocr-system' content='tesseract 3.04.00' />
  <meta name='ocr-capabilities' content='ocr_page ocr_carea ocr_par ocr_line ocrx_word'/>
</head>
<body>
  <div class='ocr_page' id='page_1' title='image "./tragoediaeadopt00senegoog_0017.png"; bbox 0 0 1860 2970; ppageno 0'>
   <div class='ocr_carea' id='block_1_1' title="bbox 8 2714 16 2749">
    <p class='ocr_par' dir='ltr' id='par_1_1' title="bbox 8 2714 16 2749">
     <span class='ocr_line' id='line_1_1' title="bbox 8 2714 16 2749; baseline 0 0"><span class='ocrx_word' id='word_1_1' title='bbox 8 2714 16 2749; x_wconf 87' lang='lat' dir='ltr'><strong>l</strong></span> 
     </span>
    </p>
   </div>
   <div class='ocr_carea' id='block_1_2' title="bbox 69 173 85 223">
    <p class='ocr_par' dir='ltr' id='par_1_2' title="bbox 69 173 85 223">
     <span class='ocr_line' id='line_1_2' title="bbox 69 173 85 223; baseline 0 0"><span class='ocrx_word' id='word_1_2' title='bbox 69 173 85 223; x_wconf 83' lang='grc'><strong>6</strong></span> 
     </span>
    </p>
   </div>
   <div class='ocr_carea' id='block_1_3' title="bbox 255 167 686 223">
    <p class='ocr_par' dir='ltr' id='par_1_3' title="bbox 255 167 686 223">
     <span class='ocr_line' id='line_1_3' title="bbox 255 167 686 223; baseline 0.002 -2"><span class='ocrx_word' id='word_1_3' title='bbox 255 170 289 221; x_wconf 87' lang='lat' dir='ltr'><strong>L.</strong></span> <span class='ocrx_word' id='word_1_4' title='bbox 309 167 464 223; x_wconf 73' lang='lat' dir='ltr'><strong>numam</strong></span> <span class='ocrx_word' id='word_1_5' title='bbox 494 169 686 222; x_wconf 77' lang='lat' dir='ltr'><strong>SENECAE</strong></span> 
     </span>
    </p>
   </div>
   <div class='ocr_carea' id='block_1_4' title="bbox 85 273 853 2744">
    <p class='ocr_par' dir='ltr' id='par_1_4' title="bbox 124 273 704 476">
     <span class='ocr_line' id='line_1_4' title="bbox 130 273 643 339; baseline -0.008 -13"><span class='ocrx_word' id='word_1_6' title='bbox 130 274 191 327; x_wconf 85' lang='lat' dir='ltr'><strong>Non</strong></span> <span class='ocrx_word' id='word_1_7' title='bbox 202 276 240 324; x_wconf 89' lang='lat' dir='ltr'><strong>sle</strong></span> <span class='ocrx_word' id='word_1_8' title='bbox 253 273 364 324; x_wconf 84' lang='lat' dir='ltr'><strong>abibunt</strong></span> <span class='ocrx_word' id='word_1_9' title='bbox 375 273 449 324; x_wconf 88' lang='lat' dir='ltr'><strong>odia:</strong></span> <span class='ocrx_word' id='word_1_10' title='bbox 460 273 567 324; x_wconf 65' lang='lat' dir='ltr'><strong>tiraces</strong></span> <span class='ocrx_word' id='word_1_11' title='bbox 579 278 643 339; x_wconf 86' lang='lat' dir='ltr'><strong>aget</strong></span> 
     </span>
     <span class='ocr_line' id='line_1_5' title="bbox 124 340 704 403; baseline 0 -8"><span class='ocrx_word' id='word_1_12' title='bbox 124 342 271 396; x_wconf 80' lang='lat' dir='ltr'><strong>&#39;Violentus</strong></span> <span class='ocrx_word' id='word_1_13' title='bbox 281 344 336 393; x_wconf 87' lang='lat' dir='ltr'><strong>iras</strong></span> <span class='ocrx_word' id='word_1_14' title='bbox 348 343 464 403; x_wconf 81' lang='lat' dir='ltr'><strong>animus,</strong></span> <span class='ocrx_word' id='word_1_15' title='bbox 476 347 504 392; x_wconf 90' lang='lat' dir='ltr'><strong>et</strong></span> <span class='ocrx_word' id='word_1_16' title='bbox 514 357 610 392; x_wconf 84' lang='lat' dir='ltr'><strong>saevus</strong></span> <span class='ocrx_word' id='word_1_17' title='bbox 625 340 704 395; x_wconf 82' lang='lat' dir='ltr'><strong>dolet</strong></span> 
     </span>
     <span class='ocr_line' id='line_1_6' title="bbox 129 410 663 476; baseline -0.009 -13"><span class='ocrx_word' id='word_1_18' title='bbox 129 414 248 463; x_wconf 82' lang='lat' dir='ltr'><strong>Aeterna</strong></span> <span class='ocrx_word' id='word_1_19' title='bbox 257 411 329 462; x_wconf 86' lang='lat' dir='ltr'><strong>bella</strong></span> <span class='ocrx_word' id='word_1_20' title='bbox 339 425 406 476; x_wconf 86' lang='lat' dir='ltr'><strong>paee</strong></span> <span class='ocrx_word' id='word_1_21' title='bbox 417 410 524 461; x_wconf 68' lang='lat' dir='ltr'><strong>sublata</strong></span> <span class='ocrx_word' id='word_1_22' title='bbox 533 415 619 476; x_wconf 86' lang='lat' dir='ltr'><strong>geret.</strong></span> <span class='ocrx_word' id='word_1_23' title='bbox 630 435 663 448; x_wconf 79' lang='lat'><em>-</em></span> 
     </span>
    </p>

    <p class='ocr_par' dir='ltr' id='par_1_5' title="bbox 88 477 853 753">
     <span class='ocr_line' id='line_1_7' title="bbox 88 477 791 546; baseline -0.003 -14"><span class='ocrx_word' id='word_1_24' title='bbox 88 481 122 534; x_wconf 77' lang='lat' dir='ltr'><strong>dli</strong></span> <span class='ocrx_word' id='word_1_25' title='bbox 134 481 211 542; x_wconf 75' lang='lat' dir='ltr'><strong>Quae</strong></span> <span class='ocrx_word' id='word_1_26' title='bbox 220 479 308 530; x_wconf 77' lang='lat' dir='ltr'><strong>bella&#39;l</strong></span> <span class='ocrx_word' id='word_1_27' title='bbox 330 479 466 546; x_wconf 76' lang='lat' dir='ltr'><strong>Quidquid</strong></span> <span class='ocrx_word' id='word_1_28' title='bbox 475 477 613 530; x_wconf 86' lang='lat' dir='ltr'><strong>horridum</strong></span> <span class='ocrx_word' id='word_1_29' title='bbox 622 479 703 530; x_wconf 88' lang='lat' dir='ltr'><strong>tellus</strong></span> <span class='ocrx_word' id='word_1_30' title='bbox 715 483 791 530; x_wconf 73' lang='lat' dir='ltr'><strong>creat</strong></span> 
     </span>
     <span class='ocr_line' id='line_1_8' title="bbox 130 548 692 616; baseline -0.005 -16"><span class='ocrx_word' id='word_1_31' title='bbox 130 551 254 613; x_wconf 82' lang='lat' dir='ltr'><strong>Inimica3</strong></span> <span class='ocrx_word' id='word_1_32' title='bbox 267 548 394 616; x_wconf 90' lang='lat' dir='ltr'><strong>quidquid</strong></span> <span class='ocrx_word' id='word_1_33' title='bbox 404 553 502 613; x_wconf 84' lang='lat' dir='ltr'><strong>pontus</strong></span> <span class='ocrx_word' id='word_1_34' title='bbox 515 553 562 598; x_wconf 85' lang='lat' dir='ltr'><strong>aut</strong></span> <span class='ocrx_word' id='word_1_35' title='bbox 573 551 620 598; x_wconf 77' lang='lat' dir='ltr'><strong>adr</strong></span> <span class='ocrx_word' id='word_1_36' title='bbox 629 549 692 598; x_wconf 88' lang='lat' dir='ltr'><strong>tulit</strong></span> 
     </span>
     <span class='ocr_line' id='line_1_9' title="bbox 130 616 758 681; baseline -0.005 -12"><span class='ocrx_word' id='word_1_37' title='bbox 130 618 278 680; x_wconf 85' lang='lat' dir='ltr'><strong>Terribile,</strong></span> <span class='ocrx_word' id='word_1_38' title='bbox 290 617 390 679; x_wconf 86' lang='lat' dir='ltr'><strong>dirum,</strong></span> <span class='ocrx_word' id='word_1_39' title='bbox 399 616 541 681; x_wconf 80' lang='lat' dir='ltr'><strong>pestilens,</strong></span> <span class='ocrx_word' id='word_1_40' title='bbox 552 622 644 679; x_wconf 87' lang='lat' dir='ltr'><strong>atrox,</strong></span> <span class='ocrx_word' id='word_1_41' title='bbox 656 616 758 679; x_wconf 83' lang='lat' dir='ltr'><strong>ferum3</strong></span> 
     </span>
     <span class='ocr_line' id='line_1_10' title="bbox 130 683 853 753; baseline -0.006 -14"><span class='ocrx_word' id='word_1_42' title='bbox 130 689 269 740; x_wconf 65' lang='lat' dir='ltr'><strong>Fructumt</strong></span> <span class='ocrx_word' id='word_1_43' title='bbox 279 692 360 753; x_wconf 84' lang='lat' dir='ltr'><strong>atque</strong></span> <span class='ocrx_word' id='word_1_44' title='bbox 379 684 510 735; x_wconf 89' lang='lat' dir='ltr'><strong>domitum</strong></span> <span class='ocrx_word' id='word_1_45' title='bbox 525 690 580 748; x_wconf 86' lang='lat' dir='ltr'><strong>est;</strong></span> <span class='ocrx_word' id='word_1_46' title='bbox 596 689 707 750; x_wconf 85' lang='lat' dir='ltr'><strong>superat</strong></span> <span class='ocrx_word' id='word_1_47' title='bbox 722 692 751 736; x_wconf 90' lang='lat' dir='ltr'><strong>et</strong></span> <span class='ocrx_word' id='word_1_48' title='bbox 771 683 853 737; x_wconf 83' lang='lat' dir='ltr'><strong>cresci</strong></span> 
     </span>
    </p>

    <p class='ocr_par' dir='ltr' id='par_1_6' title="bbox 130 754 673 890">
     <span class='ocr_line' id='line_1_11' title="bbox 572 754 649 804; baseline 0 0"><span class='ocrx_word' id='word_1_49' title='bbox 572 754 649 804; x_wconf 88' lang='lat' dir='ltr'><strong>malis</strong></span> 
     </span>
     <span class='ocr_line' id='line_1_12' title="bbox 130 790 673 890; baseline 0 -16"><span class='ocrx_word' id='word_1_50' title='bbox 130 826 228 890; x_wconf 81' lang='lat' dir='ltr'><strong>lrdque</strong></span> <span class='ocrx_word' id='word_1_51' title='bbox 237 824 332 874; x_wconf 71' lang='lat' dir='ltr'><strong>nestra</strong></span> <span class='ocrx_word' id='word_1_52' title='bbox 342 821 452 885; x_wconf 83' lang='lat' dir='ltr'><strong>fruitur3</strong></span> <span class='ocrx_word' id='word_1_53' title='bbox 468 823 496 873; x_wconf 93' lang='lat' dir='ltr'><strong>in</strong></span> <span class='ocrx_word' id='word_1_54' title='bbox 506 821 600 874; x_wconf 87' lang='lat' dir='ltr'><strong>laudes</strong></span> <span class='ocrx_word' id='word_1_55' title='bbox 611 790 673 874; x_wconf 67' lang='lat' dir='ltr'><strong>sua’s</strong></span> 
     </span>
    </p>

    <p class='ocr_par' dir='ltr' id='par_1_7' title="bbox 88 890 770 1028">
     <span class='ocr_line' id='line_1_13' title="bbox 88 890 770 959; baseline -0.004 -16"><span class='ocrx_word' id='word_1_56' title='bbox 88 892 122 943; x_wconf 77' lang='lat'><strong>35</strong></span> <span class='ocrx_word' id='word_1_57' title='bbox 132 894 197 943; x_wconf 88' lang='lat' dir='ltr'><strong>Mea</strong></span> <span class='ocrx_word' id='word_1_58' title='bbox 206 893 288 943; x_wconf 88' lang='lat' dir='ltr'><strong>vertit</strong></span> <span class='ocrx_word' id='word_1_59' title='bbox 299 891 368 942; x_wconf 88' lang='lat' dir='ltr'><strong>odia.</strong></span> <span class='ocrx_word' id='word_1_60' title='bbox 389 890 462 942; x_wconf 90' lang='lat' dir='ltr'><strong>Dum</strong></span> <span class='ocrx_word' id='word_1_61' title='bbox 471 893 549 943; x_wconf 86' lang='lat' dir='ltr'><strong>nimis</strong></span> <span class='ocrx_word' id='word_1_62' title='bbox 559 906 641 943; x_wconf 85' lang='lat' dir='ltr'><strong>saera</strong></span> <span class='ocrx_word' id='word_1_63' title='bbox 651 891 770 959; x_wconf 72' lang='lat' dir='ltr'><strong>impera:</strong></span> 
     </span>
     <span class='ocr_line' id='line_1_14' title="bbox 130 960 669 1028; baseline -0.004 -15"><span class='ocrx_word' id='word_1_64' title='bbox 130 962 241 1013; x_wconf 87' lang='lat' dir='ltr'><strong>Patrem</strong></span> <span class='ocrx_word' id='word_1_65' title='bbox 251 960 376 1026; x_wconf 81' lang='lat' dir='ltr'><strong>probavi,</strong></span> <span class='ocrx_word' id='word_1_66' title='bbox 394 960 496 1028; x_wconf 83' lang='lat' dir='ltr'><strong>gloriae</strong></span> <span class='ocrx_word' id='word_1_67' title='bbox 507 960 559 1014; x_wconf 85' lang='lat' dir='ltr'><strong>feei</strong></span> <span class='ocrx_word' id='word_1_68' title='bbox 570 961 669 1012; x_wconf 88' lang='lat' dir='ltr'><strong>locum.</strong></span> 
     </span>
    </p>

    <p class='ocr_par' dir='ltr' id='par_1_8' title="bbox 130 1026 839 1230">
     <span class='ocr_line' id='line_1_15' title="bbox 132 1026 756 1098; baseline 0.002 -19"><span class='ocrx_word' id='word_1_69' title='bbox 132 1030 193 1090; x_wconf 71' lang='lat' dir='ltr'><strong>Qud</strong></span> <span class='ocrx_word' id='word_1_70' title='bbox 203 1026 250 1079; x_wconf 86' lang='lat' dir='ltr'><strong>sol</strong></span> <span class='ocrx_word' id='word_1_71' title='bbox 260 1029 407 1090; x_wconf 87' lang='lat' dir='ltr'><strong>reducens,</strong></span> <span class='ocrx_word' id='word_1_72' title='bbox 419 1033 525 1098; x_wconf 78' lang='lat' dir='ltr'><strong>qudque</strong></span> <span class='ocrx_word' id='word_1_73' title='bbox 536 1030 673 1098; x_wconf 85' lang='lat' dir='ltr'><strong>deponens</strong></span> <span class='ocrx_word' id='word_1_74' title='bbox 685 1028 756 1082; x_wconf 86' lang='lat' dir='ltr'><strong>diem</strong></span> 
     </span>
     <span class='ocr_line' id='line_1_16' title="bbox 130 1098 839 1166; baseline 0.001 -18"><span class='ocrx_word' id='word_1_75' title='bbox 130 1098 214 1149; x_wconf 84' lang='lat' dir='ltr'><strong>Binos</strong></span> <span class='ocrx_word' id='word_1_76' title='bbox 223 1099 376 1165; x_wconf 72' lang='lat' dir='ltr'><strong>propinqua</strong></span> <span class='ocrx_word' id='word_1_77' title='bbox 386 1099 466 1165; x_wconf 79' lang='lat' dir='ltr'><strong>tingit</strong></span> <span class='ocrx_word' id='word_1_78' title='bbox 475 1098 621 1166; x_wconf 81' lang='lat' dir='ltr'><strong>Aethiopas</strong></span> <span class='ocrx_word' id='word_1_79' title='bbox 631 1098 702 1162; x_wconf 85' lang='lat' dir='ltr'><strong>face,</strong></span> <span class='ocrx_word' id='word_1_80' title='bbox 727 1154 731 1161; x_wconf 62' lang='grc'>,</span> <span class='ocrx_word' id='word_1_81' title='bbox 833 1116 839 1121; x_wconf 96' lang='grc'><em>·</em></span> 
     </span>
     <span class='ocr_line' id='line_1_17' title="bbox 131 1167 669 1230; baseline 0.004 -13"><span class='ocrx_word' id='word_1_82' title='bbox 131 1167 267 1217; x_wconf 82' lang='lat' dir='ltr'><strong>Indomita</strong></span> <span class='ocrx_word' id='word_1_83' title='bbox 276 1167 360 1217; x_wconf 80' lang='lat' dir='ltr'><strong>virtus</strong></span> <span class='ocrx_word' id='word_1_84' title='bbox 372 1167 483 1230; x_wconf 86' lang='lat' dir='ltr'><strong>celitur,</strong></span> <span class='ocrx_word' id='word_1_85' title='bbox 495 1172 523 1218; x_wconf 87' lang='lat' dir='ltr'><strong>et</strong></span> <span class='ocrx_word' id='word_1_86' title='bbox 532 1173 591 1218; x_wconf 90' lang='lat' dir='ltr'><strong>toto</strong></span> <span class='ocrx_word' id='word_1_87' title='bbox 604 1168 669 1219; x_wconf 85' lang='lat' dir='ltr'><strong>deus</strong></span> 
     </span>
    </p>

    <p class='ocr_par' dir='ltr' id='par_1_9' title="bbox 88 1232 757 1370">
     <span class='ocr_line' id='line_1_18' title="bbox 88 1232 757 1297; baseline 0.001 -12"><span class='ocrx_word' id='word_1_88' title='bbox 88 1238 122 1285; x_wconf 78' lang='lat'><strong>40</strong></span> <span class='ocrx_word' id='word_1_89' title='bbox 131 1232 265 1286; x_wconf 80' lang='lat' dir='ltr'><strong>Narratur</strong></span> <span class='ocrx_word' id='word_1_90' title='bbox 276 1234 351 1285; x_wconf 87' lang='lat' dir='ltr'><strong>urbe.</strong></span> <span class='ocrx_word' id='word_1_91' title='bbox 371 1236 497 1286; x_wconf 83' lang='lat' dir='ltr'><strong>Monstra</strong></span> <span class='ocrx_word' id='word_1_92' title='bbox 506 1237 560 1286; x_wconf 86' lang='lat' dir='ltr'><strong>iam</strong></span> <span class='ocrx_word' id='word_1_93' title='bbox 572 1236 668 1287; x_wconf 84' lang='lat' dir='ltr'><strong>desunt</strong></span> <span class='ocrx_word' id='word_1_94' title='bbox 677 1233 757 1297; x_wconf 77' lang='lat' dir='ltr'><strong>mild3</strong></span> 
     </span>
     <span class='ocr_line' id='line_1_19' title="bbox 129 1301 738 1370; baseline -0.003 -16"><span class='ocrx_word' id='word_1_95' title='bbox 129 1305 272 1370; x_wconf 88' lang='lat' dir='ltr'><strong>Minorqne</strong></span> <span class='ocrx_word' id='word_1_96' title='bbox 283 1301 361 1352; x_wconf 85' lang='lat' dir='ltr'><strong>labor</strong></span> <span class='ocrx_word' id='word_1_97' title='bbox 372 1310 413 1355; x_wconf 88' lang='lat' dir='ltr'><strong>est</strong></span> <span class='ocrx_word' id='word_1_98' title='bbox 423 1305 536 1356; x_wconf 78' lang='lat' dir='ltr'><strong>Herculi</strong></span> <span class='ocrx_word' id='word_1_99' title='bbox 544 1306 618 1356; x_wconf 84' lang='lat' dir='ltr'><strong>iussa</strong></span> <span class='ocrx_word' id='word_1_100' title='bbox 628 1305 738 1368; x_wconf 81' lang='lat' dir='ltr'><strong>exequi,</strong></span> 
     </span>
    </p>

    <p class='ocr_par' dir='ltr' id='par_1_10' title="bbox 129 1369 753 1575">
     <span class='ocr_line' id='line_1_20' title="bbox 132 1369 753 1436; baseline -0.002 -14"><span class='ocrx_word' id='word_1_101' title='bbox 132 1375 218 1434; x_wconf 77' lang='lat' dir='ltr'><strong>Quam</strong></span> <span class='ocrx_word' id='word_1_102' title='bbox 228 1370 293 1421; x_wconf 89' lang='lat' dir='ltr'><strong>mihi</strong></span> <span class='ocrx_word' id='word_1_103' title='bbox 300 1370 408 1434; x_wconf 83' lang='lat' dir='ltr'><strong>iubere3</strong></span> <span class='ocrx_word' id='word_1_104' title='bbox 422 1369 510 1420; x_wconf 85' lang='lat' dir='ltr'><strong>laetus</strong></span> <span class='ocrx_word' id='word_1_105' title='bbox 520 1370 633 1434; x_wconf 82' lang='lat' dir='ltr'><strong>imperia</strong></span> <span class='ocrx_word' id='word_1_106' title='bbox 644 1370 753 1436; x_wconf 82' lang='lat' dir='ltr'><strong>exeipit.</strong></span> 
     </span>
     <span class='ocr_line' id='line_1_21' title="bbox 131 1437 722 1505; baseline -0.007 -14"><span class='ocrx_word' id='word_1_107' title='bbox 131 1443 207 1502; x_wconf 77' lang='lat' dir='ltr'><strong>Quae</strong></span> <span class='ocrx_word' id='word_1_108' title='bbox 218 1440 278 1490; x_wconf 82' lang='lat' dir='ltr'><strong>fera</strong></span> <span class='ocrx_word' id='word_1_109' title='bbox 288 1440 397 1505; x_wconf 84' lang='lat' dir='ltr'><strong>tyranni</strong></span> <span class='ocrx_word' id='word_1_110' title='bbox 407 1440 482 1489; x_wconf 87' lang='lat' dir='ltr'><strong>iussa</strong></span> <span class='ocrx_word' id='word_1_111' title='bbox 491 1437 609 1488; x_wconf 83' lang='lat' dir='ltr'><strong>ru&#39;olento</strong></span> <span class='ocrx_word' id='word_1_112' title='bbox 621 1443 722 1505; x_wconf 86' lang='lat' dir='ltr'><strong>queant</strong></span> 
     </span>
     <span class='ocr_line' id='line_1_22' title="bbox 129 1506 693 1575; baseline -0.009 -14"><span class='ocrx_word' id='word_1_113' title='bbox 129 1511 236 1562; x_wconf 74' lang='lat' dir='ltr'><strong>Nocere</strong></span> <span class='ocrx_word' id='word_1_114' title='bbox 245 1508 354 1559; x_wconf 77' lang='lat' dir='ltr'><strong>iuvenil</strong></span> <span class='ocrx_word' id='word_1_115' title='bbox 365 1506 468 1575; x_wconf 83' lang='lat' dir='ltr'><strong>Nempe</strong></span> <span class='ocrx_word' id='word_1_116' title='bbox 478 1521 528 1574; x_wconf 88' lang='lat' dir='ltr'><strong>pre</strong></span> <span class='ocrx_word' id='word_1_117' title='bbox 539 1506 599 1557; x_wconf 88' lang='lat' dir='ltr'><strong>telis</strong></span> <span class='ocrx_word' id='word_1_118' title='bbox 609 1507 693 1572; x_wconf 88' lang='lat' dir='ltr'><strong>gerit,</strong></span> 
     </span>
    </p>

    <p class='ocr_par' dir='ltr' id='par_1_11' title="bbox 86 1575 847 1783">
     <span class='ocr_line' id='line_1_23' title="bbox 86 1575 847 1646; baseline -0.007 -16"><span class='ocrx_word' id='word_1_119' title='bbox 86 1577 122 1629; x_wconf 78' lang='lat'><strong>45</strong></span> <span class='ocrx_word' id='word_1_120' title='bbox 133 1580 209 1640; x_wconf 80' lang='lat' dir='ltr'><strong>Quae</strong></span> <span class='ocrx_word' id='word_1_121' title='bbox 220 1579 310 1628; x_wconf 87' lang='lat' dir='ltr'><strong>timuit</strong></span> <span class='ocrx_word' id='word_1_122' title='bbox 320 1582 348 1628; x_wconf 86' lang='lat' dir='ltr'><strong>et</strong></span> <span class='ocrx_word' id='word_1_123' title='bbox 360 1591 429 1646; x_wconf 86' lang='lat' dir='ltr'><strong>quae</strong></span> <span class='ocrx_word' id='word_1_124' title='bbox 439 1575 522 1626; x_wconf 85' lang='lat' dir='ltr'><strong>fudit:</strong></span> <span class='ocrx_word' id='word_1_125' title='bbox 535 1582 655 1628; x_wconf 86' lang='lat' dir='ltr'><strong>armatus</strong></span> <span class='ocrx_word' id='word_1_126' title='bbox 665 1578 740 1626; x_wconf 75' lang='lat' dir='ltr'><strong>venii</strong></span> <span class='ocrx_word' id='word_1_127' title='bbox 840 1576 847 1587; x_wconf 89' lang='lat'>&#39;</span> 
     </span>
     <span class='ocr_line' id='line_1_24' title="bbox 129 1645 742 1714; baseline -0.005 -17"><span class='ocrx_word' id='word_1_128' title='bbox 129 1648 223 1699; x_wconf 78' lang='lat' dir='ltr'><strong>Leone</strong></span> <span class='ocrx_word' id='word_1_129' title='bbox 235 1653 263 1699; x_wconf 89' lang='lat' dir='ltr'><strong>et</strong></span> <span class='ocrx_word' id='word_1_130' title='bbox 273 1645 368 1714; x_wconf 89' lang='lat' dir='ltr'><strong>hydra.</strong></span> <span class='ocrx_word' id='word_1_131' title='bbox 388 1645 447 1697; x_wconf 90' lang='lat' dir='ltr'><strong>Nee</strong></span> <span class='ocrx_word' id='word_1_132' title='bbox 457 1645 523 1695; x_wconf 86' lang='lat' dir='ltr'><strong>satis</strong></span> <span class='ocrx_word' id='word_1_133' title='bbox 533 1649 623 1695; x_wconf 87' lang='lat' dir='ltr'><strong>terrae</strong></span> <span class='ocrx_word' id='word_1_134' title='bbox 634 1649 742 1711; x_wconf 82' lang='lat' dir='ltr'><strong>patent:</strong></span> 
     </span>
     <span class='ocr_line' id='line_1_25' title="bbox 127 1713 628 1783; baseline -0.012 -14"><span class='ocrx_word' id='word_1_135' title='bbox 127 1716 244 1783; x_wconf 81' lang='lat' dir='ltr'><strong>Effregit</strong></span> <span class='ocrx_word' id='word_1_136' title='bbox 254 1732 318 1768; x_wconf 87' lang='lat' dir='ltr'><strong>eece</strong></span> <span class='ocrx_word' id='word_1_137' title='bbox 330 1715 336 1766; x_wconf 77' lang='lat' dir='ltr'><strong>l</strong></span> <span class='ocrx_word' id='word_1_138' title='bbox 351 1716 433 1767; x_wconf 90' lang='lat' dir='ltr'><strong>limen</strong></span> <span class='ocrx_word' id='word_1_139' title='bbox 441 1714 540 1765; x_wconf 84' lang='lat' dir='ltr'><strong>inferni</strong></span> <span class='ocrx_word' id='word_1_140' title='bbox 549 1713 628 1776; x_wconf 89' lang='lat' dir='ltr'><strong>lovis,</strong></span> 
     </span>
    </p>

    <p class='ocr_par' dir='ltr' id='par_1_12' title="bbox 129 1780 773 1918">
     <span class='ocr_line' id='line_1_26' title="bbox 129 1780 702 1850; baseline -0.003 -15"><span class='ocrx_word' id='word_1_141' title='bbox 129 1786 167 1835; x_wconf 85' lang='lat' dir='ltr'><strong>Et</strong></span> <span class='ocrx_word' id='word_1_142' title='bbox 177 1787 267 1850; x_wconf 88' lang='lat' dir='ltr'><strong>opima</strong></span> <span class='ocrx_word' id='word_1_143' title='bbox 276 1785 341 1834; x_wconf 89' lang='lat' dir='ltr'><strong>vieti</strong></span> <span class='ocrx_word' id='word_1_144' title='bbox 350 1784 421 1849; x_wconf 83' lang='lat' dir='ltr'><strong>regis</strong></span> <span class='ocrx_word' id='word_1_145' title='bbox 433 1783 467 1832; x_wconf 81' lang='lat' dir='ltr'><strong>ad</strong></span> <span class='ocrx_word' id='word_1_146' title='bbox 480 1780 599 1848; x_wconf 85' lang='lat' dir='ltr'><strong>Superos</strong></span> <span class='ocrx_word' id='word_1_147' title='bbox 609 1781 702 1834; x_wconf 81' lang='lat' dir='ltr'><strong>refert.</strong></span> 
     </span>
     <span class='ocr_line' id='line_1_27' title="bbox 129 1849 773 1918; baseline 0.002 -14"><span class='ocrx_word' id='word_1_148' title='bbox 129 1854 229 1904; x_wconf 85' lang='lat' dir='ltr'><strong>Parum</strong></span> <span class='ocrx_word' id='word_1_149' title='bbox 240 1857 282 1902; x_wconf 88' lang='lat' dir='ltr'><strong>est</strong></span> <span class='ocrx_word' id='word_1_150' title='bbox 291 1852 403 1903; x_wconf 79' lang='lat' dir='ltr'><strong>reverti:</strong></span> <span class='ocrx_word' id='word_1_151' title='bbox 416 1849 511 1900; x_wconf 83' lang='lat' dir='ltr'><strong>foedus</strong></span> <span class='ocrx_word' id='word_1_152' title='bbox 523 1851 683 1902; x_wconf 89' lang='lat' dir='ltr'><strong>Umbrarum</strong></span> <span class='ocrx_word' id='word_1_153' title='bbox 695 1854 773 1918; x_wconf 69' lang='lat' dir='ltr'><strong>perit</strong></span> 
     </span>
    </p>

    <p class='ocr_par' dir='ltr' id='par_1_13' title="bbox 85 1918 818 2260">
     <span class='ocr_line' id='line_1_28' title="bbox 85 1918 702 1985; baseline 0 -14"><span class='ocrx_word' id='word_1_154' title='bbox 85 1923 119 1971; x_wconf 76' lang='lat'><strong>50</strong></span> <span class='ocrx_word' id='word_1_155' title='bbox 130 1920 193 1973; x_wconf 84' lang='lat' dir='ltr'><strong>Vidi</strong></span> <span class='ocrx_word' id='word_1_156' title='bbox 202 1920 275 1985; x_wconf 81' lang='lat' dir='ltr'><strong>ipsa,</strong></span> <span class='ocrx_word' id='word_1_157' title='bbox 287 1918 349 1980; x_wconf 79' lang='lat' dir='ltr'><strong>ridi,</strong></span> <span class='ocrx_word' id='word_1_158' title='bbox 360 1924 440 1968; x_wconf 87' lang='lat' dir='ltr'><strong>noete</strong></span> <span class='ocrx_word' id='word_1_159' title='bbox 451 1918 573 1967; x_wconf 78' lang='lat' dir='ltr'><strong>discussa</strong></span> <span class='ocrx_word' id='word_1_160' title='bbox 583 1919 702 1970; x_wconf 85' lang='lat' dir='ltr'><strong>lnferum</strong></span> 
     </span>
     <span class='ocr_line' id='line_1_29' title="bbox 127 1985 698 2053; baseline 0 -14"><span class='ocrx_word' id='word_1_161' title='bbox 127 1990 165 2040; x_wconf 83' lang='lat' dir='ltr'><strong>Et</strong></span> <span class='ocrx_word' id='word_1_162' title='bbox 174 1989 238 2039; x_wconf 89' lang='lat' dir='ltr'><strong>Dite</strong></span> <span class='ocrx_word' id='word_1_163' title='bbox 249 1988 361 2048; x_wconf 87' lang='lat' dir='ltr'><strong>domito,</strong></span> <span class='ocrx_word' id='word_1_164' title='bbox 372 1986 459 2052; x_wconf 85' lang='lat' dir='ltr'><strong>spolia</strong></span> <span class='ocrx_word' id='word_1_165' title='bbox 469 1985 616 2037; x_wconf 85' lang='lat' dir='ltr'><strong>iactantem</strong></span> <span class='ocrx_word' id='word_1_166' title='bbox 627 1990 698 2053; x_wconf 83' lang='lat' dir='ltr'><strong>patri</strong></span> 
     </span>
     <span class='ocr_line' id='line_1_30' title="bbox 127 2054 818 2122; baseline -0.001 -13"><span class='ocrx_word' id='word_1_167' title='bbox 127 2059 268 2109; x_wconf 82' lang='lat' dir='ltr'><strong>Fraterna.</strong></span> <span class='ocrx_word' id='word_1_168' title='bbox 285 2056 339 2104; x_wconf 87' lang='lat' dir='ltr'><strong>Cur</strong></span> <span class='ocrx_word' id='word_1_169' title='bbox 348 2066 403 2104; x_wconf 87' lang='lat' dir='ltr'><strong>uon</strong></span> <span class='ocrx_word' id='word_1_170' title='bbox 412 2054 513 2104; x_wconf 89' lang='lat' dir='ltr'><strong>vietum</strong></span> <span class='ocrx_word' id='word_1_171' title='bbox 524 2062 551 2104; x_wconf 88' lang='lat' dir='ltr'><strong>et</strong></span> <span class='ocrx_word' id='word_1_172' title='bbox 562 2070 721 2122; x_wconf 83' lang='lat' dir='ltr'><strong>oppressum</strong></span> <span class='ocrx_word' id='word_1_173' title='bbox 733 2056 818 2110; x_wconf 88' lang='lat' dir='ltr'><strong>trahit</strong></span> 
     </span>
     <span class='ocr_line' id='line_1_31' title="bbox 128 2122 776 2191; baseline -0.003 -15"><span class='ocrx_word' id='word_1_174' title='bbox 128 2127 220 2191; x_wconf 82' lang='lat' dir='ltr'><strong>lpsum</strong></span> <span class='ocrx_word' id='word_1_175' title='bbox 232 2123 334 2175; x_wconf 82' lang='lat' dir='ltr'><strong>catenis</strong></span> <span class='ocrx_word' id='word_1_176' title='bbox 346 2123 423 2188; x_wconf 84' lang='lat' dir='ltr'><strong>paria</strong></span> <span class='ocrx_word' id='word_1_177' title='bbox 432 2122 557 2172; x_wconf 83' lang='lat' dir='ltr'><strong>sortitum</strong></span> <span class='ocrx_word' id='word_1_178' title='bbox 567 2124 639 2186; x_wconf 76' lang='lat' dir='ltr'><strong>Iovi,</strong></span> <span class='ocrx_word' id='word_1_179' title='bbox 765 2130 776 2141; x_wconf 91' lang='grc'><strong>·“</strong></span> 
     </span>
     <span class='ocr_line' id='line_1_32' title="bbox 128 2192 744 2260; baseline -0.003 -15"><span class='ocrx_word' id='word_1_180' title='bbox 128 2193 273 2259; x_wconf 83' lang='lat' dir='ltr'><strong>Ereboque</strong></span> <span class='ocrx_word' id='word_1_181' title='bbox 284 2196 365 2258; x_wconf 85' lang='lat' dir='ltr'><strong>captu</strong></span> <span class='ocrx_word' id='word_1_182' title='bbox 376 2192 479 2257; x_wconf 86' lang='lat' dir='ltr'><strong>potitur</strong></span> <span class='ocrx_word' id='word_1_183' title='bbox 490 2195 517 2241; x_wconf 88' lang='lat' dir='ltr'><strong>et</strong></span> <span class='ocrx_word' id='word_1_184' title='bbox 526 2194 626 2259; x_wconf 83' lang='lat' dir='ltr'><strong>retegit</strong></span> <span class='ocrx_word' id='word_1_185' title='bbox 638 2192 744 2260; x_wconf 64' lang='lat' dir='ltr'><strong>Styga?</strong></span> 
     </span>
    </p>

    <p class='ocr_par' dir='ltr' id='par_1_14' title="bbox 85 2259 729 2325">
     <span class='ocr_line' id='line_1_33' title="bbox 85 2259 729 2325; baseline -0.002 -11"><span class='ocrx_word' id='word_1_186' title='bbox 85 2261 118 2314; x_wconf 77' lang='lat'><strong>55</strong></span> <span class='ocrx_word' id='word_1_187' title='bbox 130 2259 275 2314; x_wconf 84' lang='lat' dir='ltr'><strong>l’atefaeta</strong></span> <span class='ocrx_word' id='word_1_188' title='bbox 285 2260 318 2310; x_wconf 91' lang='lat' dir='ltr'><strong>ab</strong></span> <span class='ocrx_word' id='word_1_189' title='bbox 327 2261 387 2311; x_wconf 88' lang='lat' dir='ltr'><strong>imis</strong></span> <span class='ocrx_word' id='word_1_190' title='bbox 397 2260 522 2312; x_wconf 86' lang='lat' dir='ltr'><strong>Manibus</strong></span> <span class='ocrx_word' id='word_1_191' title='bbox 533 2266 607 2312; x_wconf 88' lang='lat' dir='ltr'><strong>retro</strong></span> <span class='ocrx_word' id='word_1_192' title='bbox 618 2262 662 2311; x_wconf 81' lang='lat' dir='ltr'><strong>via</strong></span> <span class='ocrx_word' id='word_1_193' title='bbox 673 2268 729 2325; x_wconf 84' lang='lat' dir='ltr'><strong>est,</strong></span> 
     </span>
    </p>

    <p class='ocr_par' dir='ltr' id='par_1_15' title="bbox 127 2328 726 2605">
     <span class='ocr_line' id='line_1_34' title="bbox 128 2328 700 2397; baseline -0.003 -16"><span class='ocrx_word' id='word_1_194' title='bbox 128 2332 165 2381; x_wconf 84' lang='lat' dir='ltr'><strong>Et</strong></span> <span class='ocrx_word' id='word_1_195' title='bbox 175 2345 255 2380; x_wconf 87' lang='lat' dir='ltr'><strong>sacra</strong></span> <span class='ocrx_word' id='word_1_196' title='bbox 266 2329 339 2380; x_wconf 89' lang='lat' dir='ltr'><strong>dirae</strong></span> <span class='ocrx_word' id='word_1_197' title='bbox 350 2328 448 2382; x_wconf 83' lang='lat' dir='ltr'><strong>Mortis</strong></span> <span class='ocrx_word' id='word_1_198' title='bbox 459 2331 486 2382; x_wconf 94' lang='lat' dir='ltr'><strong>in</strong></span> <span class='ocrx_word' id='word_1_199' title='bbox 497 2336 591 2397; x_wconf 84' lang='lat' dir='ltr'><strong>aperto</strong></span> <span class='ocrx_word' id='word_1_200' title='bbox 601 2331 700 2380; x_wconf 83' lang='lat' dir='ltr'><strong>iacent.</strong></span> 
     </span>
     <span class='ocr_line' id='line_1_35' title="bbox 128 2397 720 2466; baseline -0.002 -17"><span class='ocrx_word' id='word_1_201' title='bbox 128 2400 163 2449; x_wconf 76' lang='lat' dir='ltr'><strong>At</strong></span> <span class='ocrx_word' id='word_1_202' title='bbox 171 2399 228 2461; x_wconf 84' lang='lat' dir='ltr'><strong>ille,</strong></span> <span class='ocrx_word' id='word_1_203' title='bbox 242 2406 322 2466; x_wconf 88' lang='lat' dir='ltr'><strong>rupto</strong></span> <span class='ocrx_word' id='word_1_204' title='bbox 335 2415 443 2452; x_wconf 86' lang='lat' dir='ltr'><strong>earcere</strong></span> <span class='ocrx_word' id='word_1_205' title='bbox 455 2400 628 2461; x_wconf 82' lang='lat' dir='ltr'><strong>Umbrarum,</strong></span> <span class='ocrx_word' id='word_1_206' title='bbox 639 2397 720 2449; x_wconf 82' lang='lat' dir='ltr'><strong>ferox</strong></span> 
     </span>
     <span class='ocr_line' id='line_1_36' title="bbox 127 2467 691 2536; baseline -0.002 -19"><span class='ocrx_word' id='word_1_207' title='bbox 127 2467 170 2517; x_wconf 89' lang='lat' dir='ltr'><strong>De</strong></span> <span class='ocrx_word' id='word_1_208' title='bbox 178 2467 386 2534; x_wconf 87' lang='lat' dir='ltr'><strong>metriumphat‚</strong></span> <span class='ocrx_word' id='word_1_209' title='bbox 397 2476 426 2521; x_wconf 90' lang='lat' dir='ltr'><strong>et</strong></span> <span class='ocrx_word' id='word_1_210' title='bbox 437 2469 599 2536; x_wconf 74' lang='lat' dir='ltr'><strong>superbifica</strong></span> <span class='ocrx_word' id='word_1_211' title='bbox 610 2482 691 2517; x_wconf 89' lang='lat' dir='ltr'><strong>manu</strong></span> 
     </span>
     <span class='ocr_line' id='line_1_37' title="bbox 128 2537 726 2605; baseline 0.005 -20"><span class='ocrx_word' id='word_1_212' title='bbox 128 2537 222 2587; x_wconf 77' lang='lat' dir='ltr'><strong>Atrum</strong></span> <span class='ocrx_word' id='word_1_213' title='bbox 232 2553 280 2604; x_wconf 90' lang='lat' dir='ltr'><strong>per</strong></span> <span class='ocrx_word' id='word_1_214' title='bbox 290 2537 372 2589; x_wconf 84' lang='lat' dir='ltr'><strong>urbes</strong></span> <span class='ocrx_word' id='word_1_215' title='bbox 383 2540 457 2589; x_wconf 89' lang='lat' dir='ltr'><strong>ducit</strong></span> <span class='ocrx_word' id='word_1_216' title='bbox 467 2537 605 2605; x_wconf 80' lang='lat' dir='ltr'><strong>Argolicas</strong></span> <span class='ocrx_word' id='word_1_217' title='bbox 618 2550 726 2588; x_wconf 84' lang='lat' dir='ltr'><strong>canem.</strong></span> 
     </span>
    </p>

    <p class='ocr_par' dir='ltr' id='par_1_16' title="bbox 85 2600 622 2666">
     <span class='ocr_line' id='line_1_38' title="bbox 85 2600 622 2666; baseline 0.006 -15"><span class='ocrx_word' id='word_1_218' title='bbox 85 2600 119 2653; x_wconf 83' lang='lat'><strong>60</strong></span> <span class='ocrx_word' id='word_1_219' title='bbox 130 2606 196 2656; x_wconf 79' lang='lat' dir='ltr'><strong>Viso</strong></span> <span class='ocrx_word' id='word_1_220' title='bbox 207 2607 343 2659; x_wconf 89' lang='lat' dir='ltr'><strong>labantem</strong></span> <span class='ocrx_word' id='word_1_221' title='bbox 349 2609 466 2658; x_wconf 85' lang='lat' dir='ltr'><strong>Cerbero</strong></span> <span class='ocrx_word' id='word_1_222' title='bbox 477 2607 532 2657; x_wconf 80' lang='lat' dir='ltr'><strong>vidi</strong></span> <span class='ocrx_word' id='word_1_223' title='bbox 543 2606 622 2666; x_wconf 91' lang='lat' dir='ltr'><strong>diem,</strong></span> 
     </span>
    </p>

    <p class='ocr_par' dir='ltr' id='par_1_17' title="bbox 129 2672 834 2744">
     <span class='ocr_line' id='line_1_39' title="bbox 129 2672 834 2744; baseline 0.006 -20"><span class='ocrx_word' id='word_1_224' title='bbox 129 2674 316 2744; x_wconf 76' lang='lat' dir='ltr'><strong>Paridemque</strong></span> <span class='ocrx_word' id='word_1_225' title='bbox 326 2675 423 2741; x_wconf 84' lang='lat' dir='ltr'><strong>solem3</strong></span> <span class='ocrx_word' id='word_1_226' title='bbox 434 2688 477 2727; x_wconf 90' lang='lat' dir='ltr'><strong>me</strong></span> <span class='ocrx_word' id='word_1_227' title='bbox 491 2686 597 2743; x_wconf 87' lang='lat' dir='ltr'><strong>queque</strong></span> <span class='ocrx_word' id='word_1_228' title='bbox 609 2672 708 2725; x_wconf 78' lang='lat' dir='ltr'><strong>invasit</strong></span> <span class='ocrx_word' id='word_1_229' title='bbox 717 2679 834 2739; x_wconf 85' lang='lat' dir='ltr'><strong>tremor,</strong></span> 
     </span>
    </p>
   </div>
   <div class='ocr_carea' id='block_1_5' title="bbox 0 0 934 2970">
    <p class='ocr_par' dir='ltr' id='par_1_18' title="bbox 0 0 934 2970">
     <span class='ocr_line' id='line_1_40' title="bbox 0 0 934 2970; baseline 0 1"><span class='ocrx_word' id='word_1_230' title='bbox 0 0 934 2970; x_wconf 95' lang='lat' dir='ltr'><strong> </strong></span> 
     </span>
    </p>
   </div>
  </div>
 </body>
</html>
