1904 2948
240 80 481 191 nurusque.
513 122 604 177 scr.
635 125 668 178 v.
822 128 855 178 or

55 229 116 293 Da,
126 227 331 292 metanensem
342 222 491 296 (sangnrinis
501 226 616 281 multum
624 229 679 281 mci
874 268 877 273 ⁴

54 298 151 353 llebet
159 295 313 362 ille)=lerro
323 297 415 348 liberis
426 296 506 349 detur
514 297 611 349 via-
790 299 858 352 1045

54 367 181 436 Negatur
191 365 280 418 enrlsl
295 365 415 418 Pectora
424 364 495 416 illiso
504 370 604 416 sonent

56 439 180 490 Contusa
189 433 312 502 planctul
334 447 412 485 ara.
424 431 547 497 Sustine,
559 432 666 497 infelix,
677 448 798 489 manum:

54 505 207 560 Pareamus
217 503 329 555 umbris.
364 516 433 554 rur.
450 501 772 570 Talcqnissiditueiasl

56 576 126 637 Quis
135 570 305 641 inhospitalis
317 572 430 624 caucasi
442 585 537 638 rupem
548 586 673 639 asperam

55 639 220 700 Heniochus
229 638 373 692 habitansl
389 641 481 707 quisve
493 641 632 707 Cecropiis
641 647 730 695 metus
790 643 858 696 1050

56 712 154 764 Terris
164 706 346 763 Procrustcsl
367 708 495 770 Genitor,
506 723 553 771 en,
565 716 645 762 natos
655 725 765 776 premo,
777 734 779 738 ⁷

55 777 322 847 Premorquenatisl
344 775 512 831 Scelerisest
527 778 563 829 ali
581 779 739 832 uismodus.

58 863 126 902 ara.
146 846 249 899 Sceleri
259 846 355 898 modus
366 846 494 910 debetur,
505 845 553 898 ubi
563 794 649 899 iacias
659 848 760 913 scelus;

56 917 137 981 Non,
146 916 194 968 ubi
203 929 329 984 reponas.
346 916 410 968 Hoc
420 929 528 983 quoquc
539 917 667 983 erumnam
676 916 801 971 estmihi.

57 987 103 1040 Ex
113 986 224 1039 vulnere
234 987 293 1052 ipso
303 986 462 1052 sanguninem
472 983 684 1039 ealidnmintua
794 987 862 1040 1055

58 1054 224 1109 Diffunderc
234 1069 283 1106 ora
291 1053 386 1107 debui:
397 1054 586 1105 attinentium

57 1126 177 1179 Biberee
187 1137 320 1176 cruorem.
338 1122 433 1176 Verba
442 1127 506 1174 sunt
514 1122 573 1176 irae
584 1122 663 1187 data,

58 1194 135 1251 Dum
145 1206 277 1260 propero:
288 1191 363 1244 terro
373 1191 486 1244 vulnera
495 1193 628 1259 impresso
638 1192 716 1258 ectu

60 1263 156 1316 cecidi
166 1262 201 1314 ad
213 1276 288 1326 aras3
301 1261 384 1314 caede
394 1262 486 1313 votiva
496 1260 574 1314 iocos

59 1332 187 1394 Picena,
199 1335 227 1384 et
238 1336 314 1383 artus
325 1344 440 1398 corpore
450 1331 575 1382 exanimo
587 1335 731 1399 amputans
795 1328 862 1381 1000

60 1403 93 1454 ln
103 1415 191 1469 parva
202 1401 292 1469 carpsi
301 1399 401 1464 frusta,
414 1405 442 1452 ct
451 1397 521 1450 haec
531 1398 700 1453 ferventibus

10 1483 13 1493 ’
58 1470 189 1523 Demersi
200 1466 364 1533 ahenis3illa
373 1469 452 1520 lentis
462 1468 570 1536 ignibus

60 1538 172 1596 Stillarc
181 1538 393 1604 iussi3mcmbra
402 1552 555 1605 nervosque
565 1536 668 1592 abscidi

59 1607 239 1670 viventibus,
249 1607 397 1676 gracilique
407 1607 539 1658 traiectas
549 1619 616 1658 veru

57 1678 169 1747 Magire
180 1676 263 1728 fibras
272 1676 335 1740 vidi,
348 1681 377 1728 et
387 1675 496 1742 adgessi
505 1689 588 1725 manu
792 1674 860 1724 1000

57 1746 193 1815 Μιαίρεθ
202 1743 333 1798 flammas,
353 1745 451 1796 Omnia
460 1742 529 1796 haec
539 1741 634 1794 melius
644 1748 722 1810 pater

57 1816 171 1871 Fecisse
182 1815 283 1882 potuit3
295 1814 394 1867 cecidit
403 1814 539 1867 incassum
550 1810 640 1863 dolor:

59 1883 150 1937 ondit
161 1898 209 1935 ore
221 1889 299 1936 natos
310 1884 407 1950 impio,
419 1882 616 1943 reinecciano,

61 1952 115 2008 Sed
125 1952 288 2006 nescientes.
306 1966 375 2004 aur.
394 1950 705 2017 Clusalittoribnsragis

61 2022 158 2075 Audite
170 2020 270 2072 marial
285 2034 336 2073 ros
347 2035 454 2089 quoque
466 2020 558 2073 audite
569 2017 622 2071 hoc
632 2019 729 2081 scelus,
795 2018 844 2071 100
847 2020 862 2066 0

63 2092 248 2159 Quocunque,
258 2089 299 2152 di,
310 2089 339 2141 fu
360 2088 430 2140 'stisl
443 2089 549 2152 audite,
560 2087 655 2141 lnferi!

61 2158 176 2224 Audite,
187 2158 304 2212 Terrae!
349 2172 437 2226 oxque
448 2158 584 2210 Tartarea
593 2158 683 2226 gravis

61 2230 96 2282 Et
107 2236 170 2281 atra
180 2228 265 2290 nube,
274 2227 387 2279 vocibus
397 2229 497 2279 uostris
508 2225 588 2279 racel

63 2299 125 2350 Tibi
137 2313 199 2351 sum
207 2297 333 2360 relictus;
344 2296 404 2349 sola
412 2301 443 2346 tu
452 2296 579 2349 nniserum
589 2295 674 2358 vides,

61 2369 105 2420 Tu
114 2381 226 2436 qnoque
232 2368 290 2417 sine
297 2367 385 2417 astris.
395 2365 471 2419 Vota
480 2361 782 2432 nonfaciamimproba:
794 2360 862 2411 1005

61 2436 116 2490 Pro
125 2451 172 2488 me
182 2433 249 2486 nihil
273 2434 401 2487 recabor:
412 2434 509 2502 ecquid
518 2435 572 2485 iarn
583 2436 676 2500 potest

62 2504 115 2559 Pro
127 2520 173 2558 me
184 2452 271 2556 esse?
280 2503 357 2555 vobis
368 2510 433 2554 vota
442 2503 608 2570 prospicient
618 2515 687 2553 urea.

62 2576 118 2639 Tu,
130 2588 236 2627 summe
247 2573 317 2624 coeli
327 2578 431 2633 rector,
443 2569 580 2623 aetheriae
589 2576 688 2637 potens

62 2643 244 2764 llominatorr
239 2641 458 2707 aulae,nubibus
468 2645 557 2692 totum
567 2637 683 2692 horridis

123 2711 202 2764 Sea.
251 2725 327 2762 aaa.
680 2708 706 2760 p
