1860 2970
83 148 134 200 200
271 143 306 197 L.
333 140 491 199 nudam
516 138 708 197 SENECAE

144 260 308 302 laurera.
319 245 413 297 Pretio
424 250 521 311 parata
529 246 646 298 vincitur
656 249 748 313 pretio
760 248 836 301 iidm.

144 332 242 370 ccum
254 316 347 384 Surgit
356 317 480 367 residuus
491 317 619 382 pristinae
630 318 731 368 mentia
742 319 838 384 pudor.

147 387 218 450 Quid
230 384 381 451 obstrepial
391 384 456 452 quid
466 400 533 436 voce
544 383 720 453 blandiloqua
730 387 804 439 mala

86 457 138 510 200
149 457 267 509 Consilia
277 453 380 504 dictast
402 452 512 506 Scilicet
521 452 621 505 nubam
632 455 683 506 tibi

141 524 252 592 llegum
261 522 357 575 relicto
369 537 433 590 rege
444 537 578 590 generosa
588 521 677 574 exuli?

147 606 213 644 ano
220 607 251 644 rs
258 605 311 643 un.
321 593 358 643 Et
368 606 416 642 cur
425 592 520 643 Atrida
529 592 624 643 videor
632 591 749 644 inferior
760 593 820 656 tibi,

149 662 255 713 Gnatum
265 658 424 728 Thyestae?
435 673 473 710 cn
481 674 531 712 rr.
543 659 572 711 Si
577 676 673 727 parum
680 667 737 725 est,
748 663 833 715 addc:
843 666 886 726 „et

568 732 683 796 nepos.“

148 810 311 851 leuiora.
322 797 441 850 Auctore
451 794 565 850 Phoebo
576 799 687 917 ςὶςὲοτε
699 796 774 850 haud
784 800 885 868 generis

585 882 622 932 pu
641 872 677 918 et.

87 938 140 991 295
154 935 394 988 cannphoebum
405 933 540 986 nefandae
546 935 638 1002 stirpis
644 941 790 989 auctorem
799 951 886 1000 vocar,

149 1008 239 1069 Quem
246 1010 328 1057 nocte
339 1005 429 1056 subita
439 1003 519 1055 irena
526 1010 702 1055 revocantem
711 1021 765 1058 sua

148 1075 231 1128 coelo
243 1072 402 1140 expulistisl
424 1073 496 1135 Quid
506 1073 572 1127 deos
583 1073 669 1140 probo
682 1073 826 1128 addimusl

149 1143 295 1210 Subripere
306 1142 402 1196 doctus
413 1142 509 1195 fraude
519 1143 639 1210 geniales
649 1148 740 1205 toros,

149 1214 237 1276 Quem
248 1226 347 1263 venere
357 1213 464 1264 tantum
474 1212 574 1263 scimus
583 1212 687 1263 inlicita
696 1213 795 1273 uirum,

89 1282 141 1334 300
152 1283 270 1334 Facessc
281 1296 412 1348 propere,
424 1297 457 1331 ac
468 1280 587 1332 dedecus
598 1281 688 1332 clarae
700 1280 797 1332 domun

149 1353 268 1418 asporta
278 1350 312 1400 ab
323 1351 421 1401 oculis:
434 1348 503 1400 haec
514 1354 594 1401 vacat
605 1350 663 1416 regi
675 1364 708 1399 ac
717 1351 787 1402 viro.

150 1432 315 1472 anursrrr.
332 1419 422 1471 Exilia
431 1417 498 1478 mihi
509 1425 572 1471 sunt
586 1416 660 1469 haud
674 1433 765 1484 nora3
782 1418 889 1472 adaucti

595 1488 682 1538 unalis.

151 1555 220 1610 Situ
230 1558 361 1624 imperas,
372 1555 479 1622 regina:
490 1571 545 1608 non
557 1554 757 1608 tantum'domo

149 1629 262 1695 Argisve
274 1625 355 1689 ced0;
367 1627 394 1674 ni
406 1639 498 1676 moror
507 1626 583 1677 iussu
593 1631 640 1676 tun

90 1695 141 1748 305
152 1697 263 1762 Aperirc
274 1694 348 1746 ferro
359 1699 455 1760 peetus
467 1697 600 1746 aerumnis
610 1710 702 1762 grave.

151 1778 190 1814 cn
197 1779 247 1815 ru.
259 1763 396 1831 Siquidem
403 1761 576 1815 hoccruenta
586 1764 725 1829 Tyndaris
732 1764 792 1816 fieri
799 1767 889 1816 sinam.

152 1835 229 1895 Quae
239 1835 332 1885 iuncta
341 1838 452 1899 peccat,
464 1832 545 1884 debet
556 1839 584 1883 et
594 1833 690 1899 culpae
701 1833 793 1885 iidem.

153 1901 257 1954 Secede
269 1917 374 1952 mecum
387 1903 490 1968 potius:
501 1907 531 1951 ut
542 1917 631 1952 rerum
643 1907 746 1951 statum

152 1970 272 2023 Dubium
282 1985 314 2022 ac
324 1971 456 2020 minacem
467 1970 563 2021 iuncta
573 1971 685 2022 consilia
696 1974 842 2038 explicent.

260 2121 435 2168 oHOJcUs
456 2119 732 2170 Artemam.

151 2245 236 2289 Cinna
249 2259 260 2287 e
275 2243 401 2298 uirginibus
411 2243 542 2298 Mycenaeis
556 2253 580 2288 et
592 2245 686 2301 Argivis
701 2246 768 2290 canit
780 2243 889 2302 Apollinis

91 2313 186 2358 paeana
192 2302 219 2344 ob
226 2306 323 2355 portam
332 2299 457 2342 victoriam
461 2314 469 2348 ;
476 2299 590 2345 interserit
596 2309 671 2346 aretem
677 2301 887 2347 innoribl’uuaut·

93 2360 215 2413 popinones
225 2363 247 2399 et
258 2356 348 2398 Dionae
357 2353 458 2399 erinnis.

94 2449 143 2498 310
156 2449 263 2508 canite,
275 2462 291 2498 o
302 2447 387 2513 pubes
399 2446 503 2509 inclita,
514 2445 667 2500 Phoebum!

153 2517 213 2568 Tibi
225 2515 298 2567 festa
310 2522 393 2584 caput
403 2516 483 2566 turba
494 2524 620 2581 coronat3
656 2522 660 2527 '

144 2588 209 2642 Tibi
220 2590 364 2661 uirgineas
374 2589 484 2642 laurum
496 2589 623 2654 piraticus

61 2664 71 2697 ·‘
128 2658 181 2717 De
193 2678 278 2717 more
291 2679 392 2718 comas
404 2659 515 2714 innuba
524 2656 619 2707 tundit
