1860 2970
75 129 126 181 ns
252 98 504 176 'n..rrx.-rn1
532 119 719 174 seruere

75 230 126 286 485
138 232 226 298 [Isque
237 243 254 280 a
264 226 383 294 perustis
393 225 486 277 Indiae
498 225 603 292 populis
615 230 708 292 agunt,

136 302 210 361 Quas
221 300 284 365 quia
293 295 397 346 referta
407 297 453 345 rix
463 295 560 346 domus
571 309 658 367 gazas
666 295 749 362 capit,

136 370 270 419 Ornanrus
283 380 349 415 auro
361 379 488 427 nemora,
496 363 534 413 nil
545 364 606 414 exul
617 362 666 412 tuli

134 437 194 490 Nisi
206 435 298 485 fratris
309 439 398 495 artus,
409 431 459 482 hos
471 447 578 499 quoquc
589 432 708 496 impendi
719 432 778 494 tibi,

137 507 200 556 Tibi
209 505 297 570 patria
307 505 396 566 cessit,
408 503 457 551 tibi
468 507 556 567 pater,
568 500 666 563 iruter,
679 501 769 567 pudor·

76 575 127 626 490
138 575 199 625 llac
211 574 275 624 dote
286 573 371 637 nupsi.
407 570 500 620 Redde
512 567 626 635 fugienti
637 584 695 619 sua.

137 657 200 694 ris,
212 642 349 692 Perimere
362 645 457 689 comte
468 638 550 688 vellet
559 635 674 687 infestus
685 639 783 700 Creon,

136 712 270 763 Lacrimis
282 711 348 758 rucis
361 709 479 767 erictus,
491 706 599 757 exilium
612 706 695 756 dedit.

138 794 214 832 arun.
227 777 495 842 l’oenamputabam3
507 790 612 838 munus,
622 775 748 837 atriden,
758 773 872 841 estiuga.

139 863 173 900 rs
181 863 203 901 s.
213 848 285 897 Dum
296 846 360 896 licet
372 846 445 895 ubire
452 881 459 906 ,
470 843 600 910 profuge,
618 850 697 910 teque
713 842 777 896 hinc
793 845 873 909 eripe:

77 917 128 970 495
150 917 246 970 Gravis
260 917 301 966 ira
316 929 411 982 regum
426 920 468 964 est
483 927 598 979 semper.
616 913 766 1029 upuHoc
782 913 875 965 suades

600 995 635 1031 mr
655 998 674 1044 r,
861 989 873 1000 ‘

140 1053 268 1106 Praestas
281 1049 413 1102 Creusae:
425 1049 549 1116 pellicem
558 1050 672 1100 inrisam
683 1064 794 1102 amoves

139 1119 876 1186 rsslldedeaamoresobicittunn.etcacdemetdolos.

140 1202 204 1241 lae.
217 1190 342 1241 Obiiccrc
354 1190 456 1239 crimen
467 1188 539 1255 quod
551 1194 629 1255 potes
640 1189 750 1240 tandem
760 1186 842 1239 mihil

141 1272 219 1310 arcu.
231 1257 417 1326 Quodcunque
430 1258 492 1310 feci.
507 1272 572 1308 rus.
584 1258 680 1308 Restat
691 1256 745 1309 hoc
755 1259 876 1308 unumin·

585 1341 676 1392 super,
759 1367 762 1373 .

80 1397 132 1450 500
142 1397 209 1448 Tuis
220 1400 251 1447 ut
261 1397 343 1448 etiam
355 1396 502 1447 sceleribus
513 1395 577 1444 iiam
587 1410 697 1447 nocens.

141 1480 219 1518 unu.
232 1466 361 1527 lucilla,
372 1471 421 1514 tun
432 1469 495 1514 sunt
505 1464 564 1514 illa:
576 1465 619 1513 cui
631 1463 743 1530 prodest
752 1464 848 1526 scelus,

139 1537 166 1587 Is
178 1535 251 1586 fecit.
290 1536 391 1586 Omnes
404 1535 546 1598 coniugem
556 1531 685 1587 infamem
696 1535 825 1601 arguant:

139 1603 218 1655 Solus
230 1611 319 1665 tuere,
331 1604 404 1653 solus
414 1604 548 1652 insontem
558 1616 635 1652 roca.

140 1670 203 1724 rlibi
214 1675 344 1723 innocens
355 1674 403 1733 sit,
416 1672 537 1738 quisquis
548 1676 591 1721 est
601 1686 650 1737 pro
663 1675 691 1721 te
701 1686 812 1726 nocens.

78 1742 128 1794 505
141 1757 204 1793 ms.
216 1743 327 1808 Ingrata
337 1743 392 1790 rita
404 1746 459 1801 est,
471 1741 547 1789 cuius
559 1747 689 1806 acceptae
700 1741 793 1806 pudet.

137 1825 215 1863 sinn.
226 1810 377 1861 Retinenda
387 1825 442 1859 non
454 1813 508 1870 est,
521 1810 596 1859 cuius
609 1812 740 1876 acceptae
749 1811 841 1876 pudet.

136 1894 169 1930 1r
177 1894 199 1929 S.
213 1880 282 1940 Quin
294 1880 383 1944 potius
392 1880 434 1930 ira
443 1878 581 1927 concitum
592 1885 688 1944 pectus
700 1879 795 1930 doura!

136 1949 251 1999 Placere
263 1947 345 1997 natisl
368 1961 445 1997 nni».
456 1947 574 2006 Abdico,
587 1948 696 2010 abiuro,
709 1948 809 2000 abnuo,

135 2017 206 2066 Meis
218 2018 321 2066 Creusa
328 2017 419 2066 liberis
432 2014 530 2066 iratres
543 2015 634 2066 dubitl

76 2084 127 2136 510
138 2100 200 2135 rsS.
212 2086 316 2151 Regina
327 2087 396 2135 natis
407 2086 515 2136 exulum
527 2084 643 2136 adllictis
654 2090 761 2152 potens.

136 2167 214 2204 nnn.
225 2154 266 2204 Nc
277 2155 368 2204 veniat
377 2169 495 2220 unquam
506 2160 561 2205 tam
572 2155 658 2204 malus
669 2156 775 2206 miseris
787 2154 851 2218 dies,

138 2223 190 2282 Qui
201 2222 276 2288 prole
287 2222 369 2273 foeda
379 2224 494 2272 misceat
504 2223 607 2288 prolem
617 2222 747 2286 inclitam,

136 2289 241 2342 Phoebi
252 2297 366 2357 nepotes
377 2289 488 2356 Sisyphi
498 2292 652 2357 nepotibus.

136 2373 200 2411 1ss,
209 2361 293 2423 Quid,
306 2356 419 2421 misera,
431 2365 615 2426 mequetequc
623 2357 875 2410 inexitiumtralrisl

77 2425 126 2476 515
138 2429 271 2489 Abscede,
282 2428 397 2495 quaesol
409 2441 451 2477 sin
459 2443 487 2477 n.
497 2427 653 2494 Supplicem
665 2429 768 2482 audinit
780 2431 874 2480 Creon.

137 2509 201 2547 ms.
212 2497 380 2561 Quidfacere
386 2499 496 2564 possim,
509 2497 644 2564 eloquere.
663 2511 742 2548 unu.
754 2497 874 2552 Prome?

511 2566 564 2618 Vel
575 2567 671 2618 scelus.

138 2632 462 2699 rsleincrenetilllno.
474 2647 542 2687 uun.
553 2635 876 2691 Estethismeiormetus.
