1860 2970
139 116 369 176 HERCULES
399 118 603 176 OETAEUS.
634 125 713 177 ncT
733 124 781 178 ΙΙΙ.
813 125 866 178 311

58 227 169 296 Eligere
180 225 283 286 nescis,
295 224 396 287 anime,
409 225 453 275 cui
463 223 519 277 telo
530 223 659 278 incubesi

58 300 170 349 Utinam
181 301 267 356 esset,
279 295 382 343 utina'm
393 295 463 345 fixus
475 296 503 345 in
512 293 639 348 thalamis
648 299 715 348 meis

57 365 213 418 Herculeus
225 362 310 414 ensis!
322 361 385 413 huic
397 363 477 414 decet
489 363 562 415 ferro
575 367 691 418 immori.
703 395 735 405 -
816 368 867 418 utu

58 438 120 486 L'na
130 435 220 501 perire
233 432 347 484 dextera
356 433 434 482 nobis
444 439 490 483 sat
500 432 559 484 esti

59 506 138 557 Coite
149 501 259 570 gentes!
280 515 348 552 saxa
358 501 607 555 etincensasfaces

57 572 198 633 Iaculetur
209 570 296 634 orbis3
308 569 381 620 nulla
391 586 462 622 nunc
472 577 561 623 cesset
571 587 676 624 manus.

59 642 196 707 Corripite
207 640 275 690 tela:
285 639 420 689 uindicem
430 645 552 691 vestrum
564 641 673 692 abstuli.

58 713 174 778 lmpune
185 709 260 760 sacri
271 713 381 774 sceptra
390 709 445 759 iam
456 724 535 776 reges
546 716 657 778 gerent3
819 711 869 760 875

57 781 174 846 Impune
185 779 240 828 iarn
250 782 380 828 nascetur
389 777 551 829 indomitum
559 779 659 830 malum
668 795 676 842 3

58 849 220 904 Reddentur
230 860 295 898 arae
308 861 420 898 cernere
432 847 562 899 adsuetae
573 845 692 900 hostiam

61 917 184 971 Similem
195 916 304 967 colenti.
341 913 495 966 Sceleribus
506 915 561 967 feci
572 918 657 982 riam3

58 989 122 1056 Ego
133 1001 182 1038 ros
192 985 330 1052 tyrannis,
342 985 465 1052 regibus,
476 988 614 1050 monstris,
625 985 701 1049 ieris,

61 1056 211 1124 Saenisque
221 1060 301 1121 rapto
313 1054 419 1105 vindice
431 1055 548 1120 opposui
560 1054 625 1108 deis.
820 1056 871 1105 880

61 1129 176 1188 Cessas,
188 1125 321 1175 Tonantis
332 1121 425 1175 sociat
447 1138 501 1174 uon
512 1127 619 1194 spargis
629 1123 728 1188 facem,

59 1196 175 1248 Imitata
183 1193 310 1254 fratrem,
323 1198 351 1246 et
362 1193 446 1244 mittis
458 1200 580 1260 ereptam
592 1196 659 1260 lori,

60 1265 166 1332 Meque
174 1264 235 1328 ipsa
244 1261 353 1328 perdisi
375 1262 451 1315 Laus
463 1264 511 1314 tibi
523 1270 619 1332 erepta
627 1265 722 1317 inclita
732 1271 784 1328 est,

60 1335 163 1402 lugens
174 1330 338 1398 triumphus:
351 1332 462 1396 aemuli,
475 1333 543 1384 luno
550 1371 557 1396 ,
567 1336 609 1385 tui

61 1405 184 1456 Mortem
194 1403 334 1468 occupavi.
352 1414 456 1452 nuru.
467 1402 539 1464 Quid
550 1402 812 1519 dorqurqimpulsam

552 1475 597 1520 tra
616 1471 654 1520 is.
823 1471 873 1522 885

63 1541 175 1596 Erroris
187 1545 229 1592 est
239 1537 294 1591 hoc
305 1552 398 1599 omne,
411 1535 590 1605 quodeunque
602 1544 658 1601 est,
669 1537 756 1590 nefas,

63 1611 149 1665 Haud
159 1616 201 1663 est
210 1623 326 1672 nocens,
338 1608 490 1674 quicunque
501 1621 556 1656 non
567 1612 664 1674 sponte
677 1615 720 1658 est
732 1622 841 1661 nocens.

63 1693 183 1734 uersu.
195 1679 356 1743 Quicunque
366 1674 442 1726 facto
453 1675 572 1741 ignoscit
580 1681 608 1726 et
618 1678 707 1742 parcit
719 1677 778 1741 sibi,

63 1753 167 1804 Errare
177 1749 291 1800 meruit:
303 1751 392 1796 morte
405 1743 527 1795 damnari
539 1743 637 1811 placet.

63 1834 167 1874 nuru.
178 1817 289 1870 Nocens
298 1814 399 1876 videri,
411 1813 457 1882 qui
467 1813 538 1864 mori
548 1815 667 1881 quaerit,
679 1817 763 1882 cupit.
825 1816 875 1867 89⁰

65 1905 84 1942 u
91 1904 110 1942 e:
117 1904 152 1941 rn
159 1901 186 1937 u.
197 1886 273 1936 Mors
284 1885 444 1934 innocentes
455 1882 515 1934 sola
525 1882 657 1953 deceptos
667 1883 744 1937 facit.

65 1972 169 2012 nuru.
181 1956 283 2007 Titane
293 1951 398 2021 fugies?
417 1964 535 2003 usius.
547 1953 609 2022 Ipse
620 1968 664 2005 me
675 1955 758 2007 Titan
768 1952 845 2024 fugit.

64 2041 170 2082 nuru.
179 2020 435 2092 Vitamreliuquest
450 2035 568 2143 pagan.
578 2023 719 2090 Miseram,
731 2031 762 2077 ut
772 2024 814 2078 nl-

425 2132 428 2139 .
459 2110 464 2117 ·
515 2107 549 2145 en
560 2108 590 2146 se
609 2108 668 2146 nar.

65 2184 83 2220 u
90 2182 109 2222 u
117 2179 169 2219 cn.
181 2161 327 2230 Superest,
338 2168 366 2215 et
377 2175 458 2215 auras
466 2160 513 2215 ille
524 2109 659 2216 coelgstes
669 2163 762 2215 trahit.

64 2248 184 2290 ustas.
200 2233 283 2287 Vinci
296 2233 433 2286 Hercules
449 2246 510 2284 cum
525 2233 629 2298 potuit,
645 2229 708 2284 hinc
724 2236 814 2302 coepit

491 2303 570 2353 mori.
824 2303 874 2354 895

64 2392 83 2428 n
92 2389 110 2428 u
118 2387 172 2425 ra.
185 2369 306 2424 Gnanrm
316 2363 485 2437 relinqueis,
498 2369 611 2437 fetuque
622 2367 767 2436 abrumpes
778 2371 843 2421 tuni

65 2461 85 2498 u
95 2458 114 2496 s
122 2457 190 2497 rau.
201 2444 397 2508 Quamcunque
409 2444 489 2490 natus
500 2440 609 2507 sepelit,
620 2437 689 2491 haec
699 2441 767 2490 vixit
777 2439 838 2491 diui

67 2530 86 2566 n
94 2526 172 2567 uua.
182 2512 279 2564 Virum
290 2509 420 2578 sequeris.
439 2521 484 2560 nu
492 2521 558 2630 riq.
569 2507 718 2576 Praegredi
726 2515 818 2562 castae

500 2583 603 2631 noent.

61 2662 166 2702 nuru.
177 2646 210 2700 Si
218 2655 245 2701 tc
255 2650 318 2718 ipsa
329 2648 462 2706 damnas:
474 2649 590 2707 sceiere
599 2656 631 2706 te
640 2638 909 2718 ,misem-Q*
