1860 2970
1 121 4 127 ⁵
61 160 112 225 re
138 106 287 241 ³231ss
316 161 472 216 errem
500 159 691 216 schcrc
739 184 744 193 ·
788 244 792 251 f

53 284 79 317 ι’
102 254 111 301 '—
135 266 196 319 Alta
207 279 256 332 per
267 264 375 328 hostes,
385 269 415 316 et
424 263 612 317 Thessalicum

15 360 19 371 ·
135 326 397 401 Tbresscflrehritur
406 334 500 385 Pelion
512 332 599 385 Osset
673 326 680 337 “

137 402 239 455 solitae
249 402 342 454 mundi
350 404 456 469 periere
465 403 554 454 vices:

137 469 209 523 Nihil
220 471 354 534 Occasus,
364 469 430 522 nihil
441 471 524 522 ortus
535 471 595 523 erit.

78 541 130 593 815
141 539 252 607 Stupet,
264 541 339 591 Eoos
350 539 464 591 adsueta
474 539 526 591 dec

137 608 259 660 Tradere
269 607 374 671 frenos,
384 609 502 676 genitrix
512 606 615 674 primae

136 677 255 729 Roscida
263 677 343 737 lucis,
354 691 483 743 perverse
493 677 536 727 eui

1 791 13 805 ,
99 744 538 811 'Liminaregni3nescitfcscce

138 814 256 880 Tingere
267 825 377 876 curtae,
388 826 439 864 nec
449 811 586 866 fumantes

76 883 126 933 820
138 880 243 934 Sudcrc
253 881 331 932 iubes
341 893 464 949 mergere
476 886 570 947 ponto.

137 950 149 1001 1
170 964 199 1001 sc
209 950 315 1001 insucto
326 962 412 1000 novur
424 947 543 1016 hospitio
595 991 601 1007 ,

160 1018 186 1069 ol
198 1033 325 1072 euroram
334 1018 409 1069 videt
421 1017 564 1081 occiduus,
597 1052 601 1057 -

137 1086 330 1154 Tenebraeque
340 1087 416 1138 iubet
426 1101 539 1155 surgere
548 1085 666 1138 nondum
773 1127 775 1132 .

136 1153 342 1223 Nocteparata.
377 1153 442 1205 Ncn'
450 1140 600 1207 succedunt

73 1221 125 1275 825
135 1225 229 1286 Antra,
240 1237 291 1274 nec
301 1222 357 1273 ullo
365 1224 450 1274 micat
458 1225 521 1292 igne
531 1223 624 1291 polus,

117 1315 118 1318 ¹
135 1291 193 1344 Nec
201 1290 281 1343 Luna
291 1305 387 1358 graves
398 1291 496 1360 digerit
505 1289 624 1344 umbras.

136 1358 191 1412 Sed
201 1360 329 1428 quidquid
338 1359 366 1411 id
377 1366 432 1424 est,
442 1363 546 1412 utinam
556 1375 610 1412 nox
621 1359 668 1411 sit!

135 1429 682 1498 Trepidant,trepidantpectcrcmagnc

134 1497 270 1551 Percussa
279 1503 367 1560 metu,
378 1513 412 1549 ne
422 1497 500 1548 fatali

73 1563 124 1632 830
137 1567 242 1618 Cuncta
251 1567 329 1618 ruina
339 1571 468 1633 quassata
477 1566 583 1630 labent,

134 1635 288 1703 lterumquc
298 1635 364 1687 deos
374 1633 549 1704 hominesque
559 1641 667 1704 premat
778 1641 780 1645 ’

134 1703 266 1756 Deforme
277 1702 374 1766 chace,
495 1740 500 1746 -

134 1773 240 1828 lterum
249 1778 336 1825 terras
347 1778 375 1824 et
385 1786 460 1824 mare
471 1776 499 1825 et
508 1772 585 1840 ignes

141 1841 179 1892 Et
188 1855 259 1907 vage
269 1840 335 1908 picti
346 1841 437 1894 sidera
446 1842 539 1893 mundi

72 1904 123 1960 835
133 1907 240 1961 Nature
248 1914 333 1977 tegat.

133 1977 159 2028 N
161 1993 195 2028 cn
206 1982 333 2029 aeternae
343 1976 411 2030 facis
422 1984 521 2031 exortu

63 2071 68 2074 ·
134 2046 198 2098 Dux
209 2052 345 2099 astrorum
356 2046 449 2099 secula
456 2048 558 2101 ducens

132 2114 218 2167 Dabit
228 2117 340 2167 aestatis
350 2115 518 2185 brumaeque
527 2123 617 2170 notes.

132 2182 195 2234 Ncn
205 2181 339 2236 Phoebeie
351 2185 431 2236 obvia
441 2184 556 2238 flammis
571 2210 573 2216 ·

51 2303 53 2309 ,
71 2251 122 2303 840
131 2251 232 2304 Demet
241 2251 323 2305 Nocti
332 2253 413 2304 Luna
421 2255 547 2318 timores,

131 2321 282 2388 Vincetque
293 2322 335 2372 sui
344 2320 437 2373 fratris
447 2321 567 2375 habenas
573 2358 582 2387 ‚

131 2391 219 2442 Curvo
230 2389 339 2443 brevius
348 2390 433 2443 limite
450 2406 570 2443 currens.

130 2458 184 2508 lbit
194 2459 222 2508 in
233 2473 316 2510 unum
328 2464 459 2527 congesta
470 2457 557 2512 sirium

129 2527 224 2578 Turba
235 2526 356 2579 deorum.

69 2592 121 2647 845
131 2594 200 2656 Hic,
211 2595 256 2662 qui
267 2597 351 2647 racrr'r
361 2596 470 2663 pervius
481 2598 561 2647 astris

128 2661 335 2731 Secacobliquo
345 2665 455 2718 tramite
465 2679 564 2728 zonas,
